<?xml version="1.0" encoding="UTF-8"?>
<!DOCTYPE html PUBLIC "-//W3C//DTD XHTML 1.0 Transitional//EN"
    "http://www.w3.org/TR/xhtml1/DTD/xhtml1-transitional.dtd">
<html xmlns="http://www.w3.org/1999/xhtml" xml:lang="en" lang="en">
 <head>
  <title>
</title>
<meta http-equiv="Content-Type" content="text/html;charset=utf-8" />
  <meta name='ocr-system' content='tesseract 3.04.00' />
  <meta name='ocr-capabilities' content='ocr_page ocr_carea ocr_par ocr_line ocrx_word'/>
</head>
<body>
  <div class='ocr_page' id='page_1' title='image "./seriamixtajocis00unkngoog_0058.png"; bbox 0 0 3125 4700; ppageno 0'>
   <div class='ocr_carea' id='block_1_1' title="bbox 475 393 2875 662">
    <p class='ocr_par' dir='ltr' id='par_1_1' title="bbox 475 393 2875 662">
     <span class='ocr_line' id='line_1_1' title="bbox 475 393 2875 662; baseline 0 -11"><span class='ocrx_word' id='word_1_1' title='bbox 475 393 2875 662; x_wconf 31' lang='lat' dir='ltr'>ff‘ffizgffifflss</span> 
     </span>
    </p>
   </div>
   <div class='ocr_carea' id='block_1_2' title="bbox 1071 719 2265 820">
    <p class='ocr_par' dir='ltr' id='par_1_2' title="bbox 1071 719 2265 820">
     <span class='ocr_line' id='line_1_2' title="bbox 1071 719 2265 820; baseline 0 -20"><span class='ocrx_word' id='word_1_2' title='bbox 1071 720 1160 800; x_wconf 87' lang='lat' dir='ltr'>R.</span> <span class='ocrx_word' id='word_1_3' title='bbox 1215 720 1690 802; x_wconf 82' lang='lat' dir='ltr'>medicinae</span> <span class='ocrx_word' id='word_1_4' title='bbox 1744 719 2080 802; x_wconf 82' lang='lat' dir='ltr'>doctori</span> <span class='ocrx_word' id='word_1_5' title='bbox 2132 741 2265 820; x_wconf 83' lang='lat' dir='ltr'>gr.</span> 
     </span>
    </p>
   </div>
   <div class='ocr_carea' id='block_1_3' title="bbox 1006 872 2344 955">
    <p class='ocr_par' dir='ltr' id='par_1_3' title="bbox 1006 872 2344 955">
     <span class='ocr_line' id='line_1_3' title="bbox 1006 872 2344 955; baseline 0 -20"><span class='ocrx_word' id='word_1_6' title='bbox 1006 872 1166 936; x_wconf 86' lang='lat' dir='ltr'>Duci</span> <span class='ocrx_word' id='word_1_7' title='bbox 1214 873 1294 937; x_wconf 85' lang='lat' dir='ltr'>ab</span> <span class='ocrx_word' id='word_1_8' title='bbox 1341 874 1625 955; x_wconf 87' lang='lat' dir='ltr'>ejusdem</span> <span class='ocrx_word' id='word_1_9' title='bbox 1672 873 1955 938; x_wconf 89' lang='lat' dir='ltr'>consiliis</span> <span class='ocrx_word' id='word_1_10' title='bbox 2004 874 2344 936; x_wconf 83' lang='lat' dir='ltr'>nominato.</span> 
     </span>
    </p>
   </div>
   <div class='ocr_carea' id='block_1_4' title="bbox 634 1007 2703 1507">
    <p class='ocr_par' dir='ltr' id='par_1_4' title="bbox 634 1007 2703 1507">
     <span class='ocr_line' id='line_1_4' title="bbox 637 1007 2103 1091; baseline 0 -19"><span class='ocrx_word' id='word_1_11' title='bbox 637 1007 753 1072; x_wconf 83' lang='lat' dir='ltr'>Est</span> <span class='ocrx_word' id='word_1_12' title='bbox 800 1009 902 1073; x_wconf 90' lang='lat' dir='ltr'>cui</span> <span class='ocrx_word' id='word_1_13' title='bbox 947 1011 1206 1074; x_wconf 85' lang='lat' dir='ltr'>mortali</span> <span class='ocrx_word' id='word_1_14' title='bbox 1255 1029 1400 1076; x_wconf 86' lang='lat' dir='ltr'>sero</span> <span class='ocrx_word' id='word_1_15' title='bbox 1447 1010 1765 1076; x_wconf 86' lang='lat' dir='ltr'>medicina</span> <span class='ocrx_word' id='word_1_16' title='bbox 1809 1015 2103 1091; x_wconf 85' lang='lat' dir='ltr'>paratur:</span> 
     </span>
     <span class='ocr_line' id='line_1_5' title="bbox 807 1113 2208 1195; baseline 0 -19"><span class='ocrx_word' id='word_1_17' title='bbox 807 1120 1052 1176; x_wconf 87' lang='lat' dir='ltr'>mature</span> <span class='ocrx_word' id='word_1_18' title='bbox 1099 1120 1168 1177; x_wconf 87' lang='lat' dir='ltr'>ut</span> <span class='ocrx_word' id='word_1_19' title='bbox 1213 1113 1342 1193; x_wconf 86' lang='lat' dir='ltr'>fiat,</span> <span class='ocrx_word' id='word_1_20' title='bbox 1393 1114 1711 1180; x_wconf 85' lang='lat' dir='ltr'>consulito</span> <span class='ocrx_word' id='word_1_21' title='bbox 1758 1113 2208 1195; x_wconf 78' lang='lat' dir='ltr'>Hippocrates,</span> 
     </span>
     <span class='ocr_line' id='line_1_6' title="bbox 637 1215 2249 1297; baseline 0.001 -19"><span class='ocrx_word' id='word_1_22' title='bbox 637 1215 731 1278; x_wconf 88' lang='lat' dir='ltr'>En</span> <span class='ocrx_word' id='word_1_23' title='bbox 781 1215 1132 1280; x_wconf 83' lang='lat' dir='ltr'>medicinae</span> <span class='ocrx_word' id='word_1_24' title='bbox 1178 1236 1216 1280; x_wconf 88' lang='lat' dir='ltr'>a</span> <span class='ocrx_word' id='word_1_25' title='bbox 1259 1218 1542 1282; x_wconf 89' lang='lat' dir='ltr'>consiliis</span> <span class='ocrx_word' id='word_1_26' title='bbox 1594 1217 1736 1281; x_wconf 82' lang='lat' dir='ltr'>Dux</span> <span class='ocrx_word' id='word_1_27' title='bbox 1782 1217 2058 1297; x_wconf 79' lang='lat' dir='ltr'>optimus</span> <span class='ocrx_word' id='word_1_28' title='bbox 2108 1235 2249 1281; x_wconf 79' lang='lat' dir='ltr'>csse</span> 
     </span>
     <span class='ocr_line' id='line_1_7' title="bbox 805 1318 2059 1399; baseline 0.002 -18"><span class='ocrx_word' id='word_1_29' title='bbox 805 1318 892 1382; x_wconf 89' lang='lat' dir='ltr'>Te</span> <span class='ocrx_word' id='word_1_30' title='bbox 939 1319 1172 1398; x_wconf 83' lang='lat' dir='ltr'>voluit3</span> <span class='ocrx_word' id='word_1_31' title='bbox 1222 1321 1461 1399; x_wconf 83' lang='lat' dir='ltr'>valeaS,</span> <span class='ocrx_word' id='word_1_32' title='bbox 1511 1325 1581 1384; x_wconf 89' lang='lat' dir='ltr'>ut</span> <span class='ocrx_word' id='word_1_33' title='bbox 1627 1322 1883 1385; x_wconf 84' lang='lat' dir='ltr'>valeant</span> <span class='ocrx_word' id='word_1_34' title='bbox 1930 1321 2059 1385; x_wconf 86' lang='lat' dir='ltr'>alii.</span> 
     </span>
     <span class='ocr_line' id='line_1_8' title="bbox 634 1436 2703 1507; baseline -0.001 -17"><span class='ocrx_word' id='word_1_35' title='bbox 634 1437 933 1492; x_wconf 81' lang='lat' dir='ltr'>Servestae.</span> <span class='ocrx_word' id='word_1_36' title='bbox 2015 1439 2164 1492; x_wconf 82' lang='lat'>1884.</span> <span class='ocrx_word' id='word_1_37' title='bbox 2204 1438 2341 1507; x_wconf 85' lang='lat' dir='ltr'>prid.</span> <span class='ocrx_word' id='word_1_38' title='bbox 2384 1436 2500 1490; x_wconf 80' lang='lat' dir='ltr'>Kal.</span> <span class='ocrx_word' id='word_1_39' title='bbox 2542 1436 2703 1503; x_wconf 82' lang='lat' dir='ltr'>Majo.</span> 
     </span>
    </p>
   </div>
   <div class='ocr_carea' id='block_1_5' title="bbox 1464 1583 1879 1590">
    <p class='ocr_par' dir='ltr' id='par_1_5' title="bbox 1464 1583 1879 1590">
     <span class='ocr_line' id='line_1_9' title="bbox 1464 1583 1879 1590; baseline 0 0"><span class='ocrx_word' id='word_1_40' title='bbox 1464 1583 1879 1590; x_wconf 74' lang='lat'>—————.-</span> 
     </span>
    </p>
   </div>
   <div class='ocr_carea' id='block_1_6' title="bbox 1523 1751 1810 1816">
    <p class='ocr_par' dir='ltr' id='par_1_6' title="bbox 1523 1751 1810 1816">
     <span class='ocr_line' id='line_1_10' title="bbox 1523 1751 1810 1816; baseline -0.01 0"><span class='ocrx_word' id='word_1_41' title='bbox 1523 1751 1810 1816; x_wconf 89' lang='lat' dir='ltr'>XXXVI.</span> 
     </span>
    </p>
   </div>
   <div class='ocr_carea' id='block_1_7' title="bbox 838 1871 2861 2112">
    <p class='ocr_par' dir='ltr' id='par_1_7' title="bbox 838 1871 2861 2112">
     <span class='ocr_line' id='line_1_11' title="bbox 838 1871 2861 1971; baseline 0 -19"><span class='ocrx_word' id='word_1_42' title='bbox 838 1873 952 1953; x_wconf 90' lang='lat' dir='ltr'>De</span> <span class='ocrx_word' id='word_1_43' title='bbox 1007 1874 1403 1955; x_wconf 86' lang='lat' dir='ltr'>vocabuli</span> <span class='ocrx_word' id='word_1_44' title='bbox 1451 1871 1920 1954; x_wconf 79' lang='lat' dir='ltr'>socordis</span> <span class='ocrx_word' id='word_1_45' title='bbox 1977 1871 2487 1971; x_wconf 87' lang='lat' dir='ltr'>quantitate.</span> <span class='ocrx_word' id='word_1_46' title='bbox 2856 1899 2861 1937; x_wconf 78' lang='grc' dir='ltr'>ι</span> 
     </span>
     <span class='ocr_line' id='line_1_12' title="bbox 1203 2040 2142 2112; baseline -0.002 -18"><span class='ocrx_word' id='word_1_47' title='bbox 1203 2042 1289 2094; x_wconf 85' lang='lat' dir='ltr'>Ex</span> <span class='ocrx_word' id='word_1_48' title='bbox 1326 2041 1560 2112; x_wconf 84' lang='lat' dir='ltr'>epistula</span> <span class='ocrx_word' id='word_1_49' title='bbox 1595 2041 1663 2094; x_wconf 86' lang='lat' dir='ltr'>ad</span> <span class='ocrx_word' id='word_1_50' title='bbox 1700 2040 1961 2110; x_wconf 85' lang='lat' dir='ltr'>collegam</span> <span class='ocrx_word' id='word_1_51' title='bbox 2002 2040 2142 2094; x_wconf 85' lang='lat' dir='ltr'>data.</span> 
     </span>
    </p>
   </div>
   <div class='ocr_carea' id='block_1_8' title="bbox 1257 2177 2704 2683">
    <p class='ocr_par' dir='ltr' id='par_1_8' title="bbox 1257 2177 2704 2334">
     <span class='ocr_line' id='line_1_13' title="bbox 1257 2177 2704 2251; baseline -0.003 -15"><span class='ocrx_word' id='word_1_52' title='bbox 1257 2179 1498 2251; x_wconf 84' lang='lat' dir='ltr'>{Syllaba</span> <span class='ocrx_word' id='word_1_53' title='bbox 1532 2181 1697 2250; x_wconf 83' lang='lat' dir='ltr'>longa</span> <span class='ocrx_word' id='word_1_54' title='bbox 1731 2178 1883 2232; x_wconf 86' lang='lat' dir='ltr'>brevi</span> <span class='ocrx_word' id='word_1_55' title='bbox 1924 2177 2168 2232; x_wconf 83' lang='lat' dir='ltr'>subiecta</span> <span class='ocrx_word' id='word_1_56' title='bbox 2204 2183 2431 2232; x_wconf 84' lang='lat' dir='ltr'>vocatur</span> <span class='ocrx_word' id='word_1_57' title='bbox 2464 2179 2704 2246; x_wconf 85' lang='lat' dir='ltr'>iambus3</span> 
     </span>
     <span class='ocr_line' id='line_1_14' title="bbox 1392 2264 2672 2334; baseline -0.002 -15"><span class='ocrx_word' id='word_1_58' title='bbox 1392 2265 1729 2334; x_wconf 75' lang='lat' dir='ltr'>spondaeum</span> <span class='ocrx_word' id='word_1_59' title='bbox 1766 2280 1951 2318; x_wconf 76' lang='lat' dir='ltr'>socors</span> <span class='ocrx_word' id='word_1_60' title='bbox 1990 2265 2120 2318; x_wconf 82' lang='lat' dir='ltr'>fecit</span> <span class='ocrx_word' id='word_1_61' title='bbox 2156 2266 2220 2316; x_wconf 86' lang='lat' dir='ltr'>ad</span> <span class='ocrx_word' id='word_1_62' title='bbox 2260 2264 2469 2318; x_wconf 86' lang='lat' dir='ltr'>huncce</span> <span class='ocrx_word' id='word_1_63' title='bbox 2507 2265 2672 2332; x_wconf 87' lang='lat' dir='ltr'>diem,</span> 
     </span>
    </p>

    <p class='ocr_par' dir='ltr' id='par_1_9' title="bbox 1258 2352 2569 2509">
     <span class='ocr_line' id='line_1_15' title="bbox 1258 2352 2525 2422; baseline 0 -15"><span class='ocrx_word' id='word_1_64' title='bbox 1258 2354 1302 2407; x_wconf 90' lang='lat' dir='ltr'>si</span> <span class='ocrx_word' id='word_1_65' title='bbox 1339 2371 1446 2422; x_wconf 83' lang='lat' dir='ltr'>qua</span> <span class='ocrx_word' id='word_1_66' title='bbox 1481 2353 1615 2407; x_wconf 83' lang='lat' dir='ltr'>fides</span> <span class='ocrx_word' id='word_1_67' title='bbox 1656 2352 1986 2419; x_wconf 83' lang='lat' dir='ltr'>Forcellino;</span> <span class='ocrx_word' id='word_1_68' title='bbox 2028 2352 2352 2407; x_wconf 84' lang='lat' dir='ltr'>Prudentius</span> <span class='ocrx_word' id='word_1_69' title='bbox 2388 2372 2525 2407; x_wconf 84' lang='lat' dir='ltr'>unus</span> 
     </span>
     <span class='ocr_line' id='line_1_16' title="bbox 1393 2440 2569 2509; baseline -0.002 -14"><span class='ocrx_word' id='word_1_70' title='bbox 1393 2444 1609 2509; x_wconf 81' lang='lat' dir='ltr'>peccat:</span> <span class='ocrx_word' id='word_1_71' title='bbox 1648 2440 1699 2493; x_wconf 89' lang='lat' dir='ltr'>ei</span> <span class='ocrx_word' id='word_1_72' title='bbox 1736 2456 1922 2495; x_wconf 80' lang='lat' dir='ltr'>socors</span> <span class='ocrx_word' id='word_1_73' title='bbox 1958 2456 2155 2509; x_wconf 84' lang='lat' dir='ltr'>pravus</span> <span class='ocrx_word' id='word_1_74' title='bbox 2190 2440 2401 2493; x_wconf 83' lang='lat' dir='ltr'>iambus</span> <span class='ocrx_word' id='word_1_75' title='bbox 2439 2445 2569 2495; x_wconf 82' lang='lat' dir='ltr'>erat.</span> 
     </span>
    </p>

    <p class='ocr_par' dir='ltr' id='par_1_10' title="bbox 1257 2526 2617 2683">
     <span class='ocr_line' id='line_1_17' title="bbox 1257 2526 2447 2595; baseline 0 -16"><span class='ocrx_word' id='word_1_76' title='bbox 1257 2526 1337 2579; x_wconf 90' lang='lat' dir='ltr'>Tu</span> <span class='ocrx_word' id='word_1_77' title='bbox 1377 2544 1506 2579; x_wconf 87' lang='lat' dir='ltr'>vero</span> <span class='ocrx_word' id='word_1_78' title='bbox 1543 2527 1589 2579; x_wconf 88' lang='lat' dir='ltr'>si</span> <span class='ocrx_word' id='word_1_79' title='bbox 1627 2526 1759 2595; x_wconf 89' lang='lat' dir='ltr'>quid</span> <span class='ocrx_word' id='word_1_80' title='bbox 1797 2526 1993 2579; x_wconf 81' lang='lat' dir='ltr'>novisti</span> <span class='ocrx_word' id='word_1_81' title='bbox 2034 2526 2235 2579; x_wconf 84' lang='lat' dir='ltr'>rectius</span> <span class='ocrx_word' id='word_1_82' title='bbox 2273 2526 2447 2593; x_wconf 70' lang='lat' dir='ltr'>istim,</span> 
     </span>
     <span class='ocr_line' id='line_1_18' title="bbox 1391 2612 2617 2683; baseline 0.001 -18"><span class='ocrx_word' id='word_1_83' title='bbox 1391 2612 1655 2665; x_wconf 87' lang='lat' dir='ltr'>candidus</span> <span class='ocrx_word' id='word_1_84' title='bbox 1692 2612 1937 2683; x_wconf 84' lang='lat' dir='ltr'>imperti:</span> <span class='ocrx_word' id='word_1_85' title='bbox 1978 2612 2171 2666; x_wconf 86' lang='lat' dir='ltr'>floreat</span> <span class='ocrx_word' id='word_1_86' title='bbox 2205 2612 2333 2666; x_wconf 89' lang='lat' dir='ltr'>inde</span> <span class='ocrx_word' id='word_1_87' title='bbox 2371 2614 2617 2667; x_wconf 58' lang='grc' dir='ltr'>εὕροι-ΒΨ</span> 
     </span>
    </p>
   </div>
   <div class='ocr_carea' id='block_1_9' title="bbox 625 2698 2590 3612">
    <p class='ocr_par' dir='ltr' id='par_1_11' title="bbox 625 2698 2590 3612">
     <span class='ocr_line' id='line_1_19' title="bbox 1123 2698 2207 2769; baseline 0 -18"><span class='ocrx_word' id='word_1_88' title='bbox 1123 2698 1224 2753; x_wconf 87' lang='lat' dir='ltr'>Th.</span> <span class='ocrx_word' id='word_1_89' title='bbox 1265 2698 1542 2751; x_wconf 82' lang='lat' dir='ltr'>Fritzsche</span> <span class='ocrx_word' id='word_1_90' title='bbox 1580 2717 1629 2751; x_wconf 90' lang='lat' dir='ltr'>v.</span> <span class='ocrx_word' id='word_1_91' title='bbox 1668 2700 1829 2767; x_wconf 87' lang='lat' dir='ltr'>ampl.</span> <span class='ocrx_word' id='word_1_92' title='bbox 1870 2698 2207 2769; x_wconf 88' lang='lat' dir='ltr'>Rostochi0.]</span> 
     </span>
     <span class='ocr_line' id='line_1_20' title="bbox 636 2804 2213 2887; baseline 0.001 -20"><span class='ocrx_word' id='word_1_93' title='bbox 636 2808 907 2887; x_wconf 82' lang='lat' dir='ltr'>Arrepto</span> <span class='ocrx_word' id='word_1_94' title='bbox 956 2805 1197 2869; x_wconf 85' lang='lat' dir='ltr'>calamo</span> <span class='ocrx_word' id='word_1_95' title='bbox 1246 2804 1603 2869; x_wconf 87' lang='lat' dir='ltr'>rescribere</span> <span class='ocrx_word' id='word_1_96' title='bbox 1643 2805 1771 2885; x_wconf 86' lang='lat' dir='ltr'>jam</span> <span class='ocrx_word' id='word_1_97' title='bbox 1821 2806 1943 2868; x_wconf 87' lang='lat' dir='ltr'>cito</span> <span class='ocrx_word' id='word_1_98' title='bbox 1993 2824 2213 2886; x_wconf 84' lang='lat' dir='ltr'>cogor:</span> 
     </span>
     <span class='ocr_line' id='line_1_21' title="bbox 803 2906 2221 2988; baseline 0 -16"><span class='ocrx_word' id='word_1_99' title='bbox 803 2914 873 2972; x_wconf 94' lang='lat' dir='ltr'>ut</span> <span class='ocrx_word' id='word_1_100' title='bbox 918 2927 1019 2971; x_wconf 88' lang='lat' dir='ltr'>me</span> <span class='ocrx_word' id='word_1_101' title='bbox 1068 2906 1424 2986; x_wconf 87' lang='lat' dir='ltr'>defendam,</span> <span class='ocrx_word' id='word_1_102' title='bbox 1476 2927 1618 2971; x_wconf 89' lang='lat' dir='ltr'>rere</span> <span class='ocrx_word' id='word_1_103' title='bbox 1662 2927 1872 2972; x_wconf 86' lang='lat' dir='ltr'>meum</span> <span class='ocrx_word' id='word_1_104' title='bbox 1920 2909 2221 2988; x_wconf 88' lang='lat' dir='ltr'>officium,</span> 
     </span>
     <span class='ocr_line' id='line_1_22' title="bbox 629 3010 2177 3089; baseline 0.001 -16"><span class='ocrx_word' id='word_1_105' title='bbox 629 3010 722 3074; x_wconf 93' lang='lat' dir='ltr'>Tu</span> <span class='ocrx_word' id='word_1_106' title='bbox 769 3012 1127 3076; x_wconf 88' lang='lat' dir='ltr'>Forcellino</span> <span class='ocrx_word' id='word_1_107' title='bbox 1177 3011 1436 3074; x_wconf 89' lang='lat' dir='ltr'>nimium</span> <span class='ocrx_word' id='word_1_108' title='bbox 1486 3030 1562 3075; x_wconf 89' lang='lat' dir='ltr'>ne</span> <span class='ocrx_word' id='word_1_109' title='bbox 1610 3012 1817 3089; x_wconf 87' lang='lat' dir='ltr'>crede,</span> <span class='ocrx_word' id='word_1_110' title='bbox 1868 3031 1984 3076; x_wconf 87' lang='lat' dir='ltr'>nec</span> <span class='ocrx_word' id='word_1_111' title='bbox 2031 3013 2177 3089; x_wconf 82' lang='lat' dir='ltr'>illis,</span> 
     </span>
     <span class='ocr_line' id='line_1_23' title="bbox 799 3114 2415 3201; baseline 0 -24"><span class='ocrx_word' id='word_1_112' title='bbox 799 3114 1190 3179; x_wconf 88' lang='lat' dir='ltr'>Parnassum</span> <span class='ocrx_word' id='word_1_113' title='bbox 1237 3114 1316 3178; x_wconf 91' lang='lat' dir='ltr'>ad</span> <span class='ocrx_word' id='word_1_114' title='bbox 1366 3132 1618 3178; x_wconf 86' lang='lat' dir='ltr'>sacrum</span> <span class='ocrx_word' id='word_1_115' title='bbox 1664 3115 1770 3195; x_wconf 90' lang='lat' dir='ltr'>qui</span> <span class='ocrx_word' id='word_1_116' title='bbox 1819 3121 2105 3179; x_wconf 83' lang='lat' dir='ltr'>statuere</span> <span class='ocrx_word' id='word_1_117' title='bbox 2153 3116 2415 3201; x_wconf 79' lang='lat' dir='ltr'>gradus,</span> 
     </span>
     <span class='ocr_line' id='line_1_24' title="bbox 627 3216 2298 3294; baseline 0.002 -15"><span class='ocrx_word' id='word_1_118' title='bbox 627 3216 816 3280; x_wconf 88' lang='lat' dir='ltr'>Metri</span> <span class='ocrx_word' id='word_1_119' title='bbox 864 3217 950 3280; x_wconf 89' lang='lat' dir='ltr'>mi</span> <span class='ocrx_word' id='word_1_120' title='bbox 997 3235 1244 3281; x_wconf 90' lang='lat' dir='ltr'>morum</span> <span class='ocrx_word' id='word_1_121' title='bbox 1289 3216 1511 3281; x_wconf 86' lang='lat' dir='ltr'>Gallus</span> <span class='ocrx_word' id='word_1_122' title='bbox 1560 3217 2142 3294; x_wconf 84' lang='lat' dir='ltr'>Quicheratius</span> <span class='ocrx_word' id='word_1_123' title='bbox 2190 3219 2298 3283; x_wconf 87' lang='lat' dir='ltr'>ille</span> 
     </span>
     <span class='ocr_line' id='line_1_25' title="bbox 797 3320 2197 3402; baseline 0.001 -18"><span class='ocrx_word' id='word_1_124' title='bbox 797 3322 1077 3401; x_wconf 87' lang='lat' dir='ltr'>optimus</span> <span class='ocrx_word' id='word_1_125' title='bbox 1127 3326 1227 3384; x_wconf 85' lang='lat' dir='ltr'>est</span> <span class='ocrx_word' id='word_1_126' title='bbox 1264 3320 1464 3401; x_wconf 81' lang='lat' dir='ltr'>judex</span> <span class='ocrx_word' id='word_1_127' title='bbox 1509 3339 1712 3402; x_wconf 85' lang='lat' dir='ltr'>usquc</span> <span class='ocrx_word' id='word_1_128' title='bbox 1758 3322 2197 3401; x_wconf 81' lang='lat' dir='ltr'>prosodiacus.</span> 
     </span>
     <span class='ocr_line' id='line_1_26' title="bbox 625 3422 2590 3507; baseline 0.001 -21"><span class='ocrx_word' id='word_1_129' title='bbox 625 3422 782 3487; x_wconf 83' lang='lat' dir='ltr'>Tres</span> <span class='ocrx_word' id='word_1_130' title='bbox 831 3430 1125 3490; x_wconf 81' lang='lat' dir='ltr'>numerat</span> <span class='ocrx_word' id='word_1_131' title='bbox 1172 3443 1396 3488; x_wconf 82' lang='lat' dir='ltr'>versus</span> <span class='ocrx_word' id='word_1_132' title='bbox 1444 3426 1777 3502; x_wconf 78' lang='lat' dir='ltr'>Prudenti,</span> <span class='ocrx_word' id='word_1_133' title='bbox 1828 3428 1973 3507; x_wconf 75' lang='lat' dir='ltr'>quis</span> <span class='ocrx_word' id='word_1_134' title='bbox 2021 3426 2261 3489; x_wconf 86' lang='lat' dir='ltr'>breve</span> <span class='ocrx_word' id='word_1_135' title='bbox 2309 3426 2478 3489; x_wconf 81' lang='lat' dir='ltr'>inest</span> <span class='ocrx_word' id='word_1_136' title='bbox 2524 3446 2590 3502; x_wconf 88' lang='lat'>0;</span> 
     </span>
     <span class='ocr_line' id='line_1_27' title="bbox 800 3527 2448 3612; baseline 0.001 -21"><span class='ocrx_word' id='word_1_137' title='bbox 800 3527 964 3592; x_wconf 91' lang='lat' dir='ltr'>adde</span> <span class='ocrx_word' id='word_1_138' title='bbox 1010 3527 1273 3592; x_wconf 88' lang='lat' dir='ltr'>Terenti</span> <span class='ocrx_word' id='word_1_139' title='bbox 1321 3547 1532 3606; x_wconf 86' lang='lat' dir='ltr'>unum,</span> <span class='ocrx_word' id='word_1_140' title='bbox 1584 3530 1681 3591; x_wconf 90' lang='lat' dir='ltr'>cui</span> <span class='ocrx_word' id='word_1_141' title='bbox 1731 3529 1961 3594; x_wconf 85' lang='lat' dir='ltr'>similis</span> <span class='ocrx_word' id='word_1_142' title='bbox 2012 3549 2209 3594; x_wconf 89' lang='lat' dir='ltr'>sonus</span> <span class='ocrx_word' id='word_1_143' title='bbox 2260 3532 2448 3612; x_wconf 85' lang='lat' dir='ltr'>cst*).</span> 
     </span>
    </p>
   </div>
   <div class='ocr_carea' id='block_1_10' title="bbox 627 3650 1040 3659">
    <p class='ocr_par' dir='ltr' id='par_1_12' title="bbox 627 3650 1040 3659">
     <span class='ocr_line' id='line_1_28' title="bbox 627 3650 1040 3659; baseline 0 1041"><span class='ocrx_word' id='word_1_144' title='bbox 627 3650 1040 3659; x_wconf 95' lang='lat' dir='ltr'> </span> 
     </span>
    </p>
   </div>
   <div class='ocr_carea' id='block_1_11' title="bbox 692 3714 2696 3785">
    <p class='ocr_par' dir='ltr' id='par_1_13' title="bbox 692 3714 2696 3785">
     <span class='ocr_line' id='line_1_29' title="bbox 692 3714 2696 3785; baseline 0 -17"><span class='ocrx_word' id='word_1_145' title='bbox 692 3717 741 3785; x_wconf 85' lang='lat'>*)</span> <span class='ocrx_word' id='word_1_146' title='bbox 778 3715 900 3769; x_wconf 85' lang='lat' dir='ltr'>Ter.</span> <span class='ocrx_word' id='word_1_147' title='bbox 939 3716 1046 3769; x_wconf 83' lang='lat' dir='ltr'>Ad.</span> <span class='ocrx_word' id='word_1_148' title='bbox 1083 3720 1134 3782; x_wconf 85' lang='lat'>4,</span> <span class='ocrx_word' id='word_1_149' title='bbox 1161 3721 1211 3783; x_wconf 82' lang='lat'>5,</span> <span class='ocrx_word' id='word_1_150' title='bbox 1239 3720 1321 3768; x_wconf 78' lang='lat' dir='ltr'>(il.</span> <span class='ocrx_word' id='word_1_151' title='bbox 1362 3714 1546 3769; x_wconf 89' lang='lat' dir='ltr'>Nolim</span> <span class='ocrx_word' id='word_1_152' title='bbox 1574 3722 1879 3769; x_wconf 79' lang='lat' dir='ltr'>ceterarum</span> <span class='ocrx_word' id='word_1_153' title='bbox 1906 3734 2086 3769; x_wconf 85' lang='lat' dir='ltr'>rerum</span> <span class='ocrx_word' id='word_1_154' title='bbox 2115 3723 2170 3769; x_wconf 87' lang='lat' dir='ltr'>te</span> <span class='ocrx_word' id='word_1_155' title='bbox 2197 3717 2477 3771; x_wconf 87' lang='lat' dir='ltr'>socordem</span> <span class='ocrx_word' id='word_1_156' title='bbox 2506 3717 2696 3770; x_wconf 84' lang='lat' dir='ltr'>eodem</span> 
     </span>
    </p>
   </div>
   <div class='ocr_carea' id='block_1_12' title="bbox 933 3804 1114 3857">
    <p class='ocr_par' dir='ltr' id='par_1_14' title="bbox 933 3804 1114 3857">
     <span class='ocr_line' id='line_1_30' title="bbox 933 3804 1114 3857; baseline -0.006 0"><span class='ocrx_word' id='word_1_157' title='bbox 933 3804 1114 3857; x_wconf 77' lang='lat' dir='ltr'>modo,</span> 
     </span>
    </p>
   </div>
  </div>
 </body>
</html>
