3125 4700
460 2349 707 2419 Neapoli.

1371 617 1603 682 XLIII.

1007 740 1227 820 Urbs
1280 739 1495 820 urbe
1551 725 1967 818 mutatur.

722 874 821 942 (So
859 874 986 927 hab'
1023 875 1111 928 ich
1149 891 1266 927 mm
1306 874 1393 927 dic
1433 873 1601 927 stadt
1634 875 1930 927 verlasscn.
1983 873 2064 924 L.
2107 872 2255 939 Uhl.)

761 1013 902 1091 Qua
946 1014 1254 1095 plurimos
1303 1013 1429 1076 vixi
1477 1031 1596 1093 per
1639 1031 1843 1078 annos

969 1116 1191 1181 urbem
1237 1117 1469 1198 reliqui
1518 1115 1825 1198 denique3
1882 1127 1890 1134 '

755 1220 983 1284 incedo
1032 1225 1336 1284 strenuus
1383 1239 1500 1301 per
1545 1239 1741 1301 agros

967 1343 1066 1388 me
1111 1328 1546 1405 prosequente
1594 1323 1867 1388 nemine.

765 1477 974 1556 Quid?
1022 1476 1282 1541 discidit
1331 1479 1411 1542 mi
1460 1496 1646 1542 nemo
1692 1484 1937 1542 vestem
1982 1514 2066 1523 —

972 1599 1125 1645 sane
1173 1581 1450 1646 dolerem
1498 1581 1694 1662 pallio
1744 1618 1827 1628 —

763 1702 880 1748 nec
927 1684 1010 1746 mi
1059 1701 1256 1764 genas
1305 1684 1638 1764 quisquam
1687 1681 2029 1747 momordit

975 1806 1172 1869 aeger
1218 1787 1442 1851 dolore
1490 1787 1828 1852 acerrimo.

766 1942 916 2021 Nec,
964 1961 1153 2006 mane
1200 1943 1370 2023 quod
1417 1942 1696 2020 disced0‚
1746 1941 2082 2023 quisquam

973 2046 1216 2130 excitus
1267 2052 1368 2109 est
1414 2064 1448 2108 e
1495 2044 1761 2108 somnio.

769 2149 853 2211 nil
903 2167 1090 2225 curo;
1141 2149 1307 2229 quod
1353 2147 1530 2212 lubet
1574 2147 1906 2211 facessant
1953 2183 2037 2194 -

980 2251 1147 2330 quod
1197 2269 1321 2313 una
1371 2269 1512 2327 non,
1563 2249 1684 2312 hoc
1732 2250 1842 2312 vix
1887 2248 2045 2312 fero,

1294 2478 1707 2485 ————-—-—

1366 2628 1589 2693 XLIV.

1235 2750 1472 2832 Miles
1526 2751 1762 2851 vigil.

779 2900 934 2968 (Steh
967 2902 1058 2954 ich
1080 2903 1143 2955 in
1176 2902 1400 2968 fin-«ihrer
1437 2902 1817 2955 Mittam-nacke.
1856 2901 1999 2955 Guil.
2029 2900 2229 2962 Hauff.)

884 3040 1046 3103 Dum
1094 3046 1278 3105 nocte
1327 3041 1500 3105 solus
1547 3042 1855 3122 pernigra

886 3149 988 3207 sto
1035 3144 1222 3208 miles
1273 3144 1338 3208 in
1387 3144 1695 3223 custodia,

884 3247 1219 3311 absentem
1265 3248 1530 3311 amicam
1579 3266 1758 3311 mens
1810 3249 1963 3328 agit,

883 3350 1158 3414 fidemne
1203 3351 1286 3413 mi
1337 3352 1715 3415 servaverit.

889 3504 1154 3586 Signum
1203 3506 1379 3586 sequi
1429 3524 1573 3569 cum
1618 3522 1904 3587 cogerer,

890 3612 1056 3671 mest
1101 3593 1392 3672 osculata
1437 3608 1747 3686 suaviter,

889 3712 1287 3793 compsitque
1333 3710 1488 3776 flore
1535 3713 1791 3793 pileum,

890 3816 1182 3896 amplexa
1229 3820 1523 3896 mequcst
1573 3816 1885 3879 ultimum.

1491 4120 1540 4156 57

2338 2314 2534 2419 (1850.)
