3125 4700
445 626 802 690 Praeterea
851 625 1194 708 (verumst)
1244 627 1510 691 Plautus
1558 629 1791 709 tribus„
1843 631 2057 695 Attius
2105 649 2251 708 uno,
2662 541 2669 679 Ι

617 733 808 808 atque
856 728 1094 806 iterum
1141 746 1267 792 uno
1315 730 1471 793 Afer
1520 731 1614 794 sic
1660 750 1941 812 posuere
1987 732 2166 811 lociS‚

441 837 513 894 ut
558 832 964 912 longamve
1012 829 1434 896 brev'emve
1481 835 1697 897 valere
1745 835 1831 898 ibi
1880 835 2129 917 syllaba
2174 844 2431 916 posset3

613 936 736 1013 'quo
785 933 950 995 haud
1001 932 1190 996 dubie
1238 934 1511 1014 longam,
1561 953 1689 999 non
1736 954 1886 1000 reor
1934 955 2077 1001 esse
2126 938 2351 1002 locum.

440 1036 572 1100 Nec
616 1043 770 1117 puto
817 1034 888 1098 fit
931 1037 1178 1099 mirum.
1270 1037 1649 1120 Philyraeus
1698 1038 1957 1102 Curtius
2006 1049 2247 1118 auctor,

535 1170 540 1174 ·
613 1139 876 1203 Graecis
927 1158 1047 1219 quo
1098 1139 1177 1203 de
1226 1141 1453 1224 etymis
1502 1140 1719 1205 codice
1768 1127 2093 1220 disseruit,

441 1242 604 1306 hanc
650 1241 787 1306 fere
836 1243 1047 1306 inesse
1096 1243 1288 1306 docet
1337 1244 1669 1322 rationem,
1720 1250 1787 1308 ut
1833 1245 2003 1308 solvo
2049 1268 2379 1330 socorsque

607 1351 995 1427 prognatum
1041 1346 1128 1408 sit
1172 1346 1328 1409 item
1375 1347 1454 1410 de
1500 1347 1669 1410 seluo
1716 1354 1907 1428 atque
1953 1371 2159 1410 secors
2204 1386 2289 1395 —

443 1468 476 1513 e
525 1448 752 1530 quibus
802 1448 869 1511 id
917 1454 1246 1529 certumst,
1296 1449 1544 1512 soluit
1590 1449 1828 1514 dixisse
1874 1454 2102 1531 poetas

614 1570 739 1615 non
787 1552 995 1632 longa,
1047 1556 1244 1632 atque
1289 1550 1433 1631 pari
1481 1551 1972 1616 dissoluisse
2032 1553 2217 1617 modo
2261 1591 2346 1599 —
2394 1559 2515 1618 cet.

442 1652 738 1706 Servestae.
2051 1657 2199 1708 1884.
2238 1672 2310 1706 m.
2350 1654 2515 1723 Majo.

1299 1818 1638 1906 XXXVII.

441 1966 892 2048 Historico.
922 1987 1001 2046 v.
1041 1986 1117 2045 a.
1163 1964 1433 2044 filium
1470 1964 1812 2046 filiabus
1864 1969 2515 2069 superadditum

896 2100 1169 2164 fratrum
1218 2108 1466 2182 septem
1514 2101 1617 2164 die
1664 2103 2045 2197 gratulatur7

443 2255 720 2320 Additur
766 2253 934 2319 haud
986 2256 1090 2318 uni
1129 2257 1259 2336 J‘am
1310 2255 1545 2319 dicitur
1592 2274 1736 2319 esse
1786 2258 1991 2320 sorori

611 2358 809 2422 filius:
860 2376 938 2422 en
987 2366 1208 2440 grator
1253 2378 1518 2423 munera
1563 2366 1753 2440 grata
1798 2361 1968 2425 Tibi:

443 2462 855 2526 Sufficientne
901 2463 1159 2525 tamen?
1250 2462 1678 2544 Septemplice
1724 2463 1923 2529 fratre
1972 2466 2241 2529 celebris

613 2565 719 2627 lux
765 2570 931 2641 erat3
981 2584 1062 2629 an
1111 2565 1208 2628 bis
1256 2570 1394 2629 tres
1441 2584 1605 2629 aeva
1650 2566 1871 2630 futura
1915 2567 2173 2632 ferent?

443 2668 640 2731 Recte
689 2667 741 2730 si
791 2666 1025 2730 Graeci
1076 2666 1290 2730 decies
1341 2675 1611 2747 septena
1656 2689 1773 2749 per
1821 2669 2043 2733 orbem

614 2769 873 2833 saecula
920 2770 1103 2851 lapsa
1151 2768 1397 2847 docent,
1446 2770 1659 2833 divide
1704 2770 1936 2835 filiolis,

445 2872 921 2935 Perscrutanda
967 2892 1044 2935 ex
1087 2872 1188 2935 his
1239 2872 1361 2935 sibi
1408 2872 1702 2953 quisquis
1752 2875 2007 2939 saecula
2055 2883 2267 2939 sumat

569 3011 574 3015 ·
612 2975 777 3039 dena
821 2975 1032 3055 patris
1080 2974 1367 3039 referens
1415 2976 1713 3041 historici
1758 2978 2079 3059 specimen

445 3078 599 3155 Quis
649 3078 786 3157 scit,
835 3079 1078 3141 numini
1126 3080 1219 3141 uti
1263 3080 1566 3159 placeat?
1614 3098 2013 3162 numeroque
2062 3085 2357 3148 maritam

615 3188 982 3245 contentam
1031 3200 1172 3245 esse
1219 3182 1418 3246 Tuam
1466 3181 1683 3263 Teque
1730 3185 1977 3248 minore
2024 3191 2199 3267 puto.

443 3285 638 3349 Hicce
685 3304 908 3349 recens
959 3290 1149 3349 natus
1195 3304 1316 3366 pro
1363 3285 1674 3350 fratribus
1722 3306 1883 3351 unus
1930 3282 2263 3353 habendus

616 3390 941 3470 septenis3
992 3394 1202 3452 sumat
1250 3390 1509 3454 saecula
1555 3395 1783 3453 cuncta
1828 3390 1969 3471 sibi,

605 3558 769 3614 Prud.
811 3558 920 3613 Cal.
961 3562 1045 3613 79.
1095 3557 1178 3612 Ne
1217 3576 1435 3612 somnus
1472 3576 1643 3625 usque
1680 3560 1749 3612 ad
1785 3561 2047 3614 terminos
2096 3562 2237 3615 vitae
2275 3563 2516 3617 socordis

753 3645 1045 3714 opprimat.

696 3771 710 3799 ,
821 3727 958 3785 Peri.
999 3734 1163 3785 3002:
1202 3731 1394 3785 Gulast
1429 3730 1619 3798 ferina,
1659 3731 1751 3784 sed
1789 3748 1971 3785 socors
2008 3732 2263 3803 edacitas,

673 3857 708 3885 ‚,
814 3819 980 3887 Apot.
1025 3820 1137 3871 193.
1177 3818 1475 3872 Caecorum
1513 3834 1701 3871 caecos
1739 3818 1934 3886 loquor
1970 3822 2089 3871 atra
2124 3819 2373 3872 socordia
2408 3825 2514 3876 cet.

279 3981 896 4093 L——ss

1447 4118 1493 4154 51
