3125 4700
1342 632 1544 696 XXII.

677 789 803 916 Ad
857 789 1062 870 Guil.
1121 789 1369 871 Corte
1424 793 1782 871 strenua
1836 788 2225 871 metrica.

423 977 580 1040 Eece
628 975 876 1040 ineerta
922 977 1066 1039 novi
1106 978 1240 1058 jam
1279 978 1480 1058 J‘anua
1526 976 1835 1057 panditur
1881 977 2029 1040 anni
2081 1015 2160 1024 —-

589 1079 691 1142 cui
738 1079 952 1144 fausta
1000 1079 1347 1144 ostendet?
1395 1079 1494 1142 cui
1543 1079 1709 1144 male
1755 1077 1968 1143 fausta
2015 1079 2229 1143 feret?

417 1182 504 1246 Te
551 1200 725 1264 rogo,
775 1183 937 1247 ‚Iane
983 1183 1221 1263 biceps,
1269 1182 1593 1268 ut-amico
1643 1182 1728 1244 nil
1777 1181 1903 1246 nisi
1951 1182 2251 1259 faustum,

592 1285 682 1349 nil
728 1285 851 1349 nisi
900 1285 1069 1366 quod
1114 1286 1370 1366 placeat
1415 1285 1604 1349 Musa
1648 1285 1931 1366 benigna
1980 1285 2134 1348 duit.

422 1388 701 1452 Mentem
746 1390 1012 1453 hilarem
1062 1395 1295 1453 natura
1341 1389 1518 1454 dedit
1563 1389 1945 1469 facilemque
1984 1389 2209 1470 jocari,

595 1493 760 1556 ‘nanc
805 1493 974 1556 socio
1023 1511 1228 1570 serva,
1278 1511 1405 1573 qua
1449 1493 1659 1572 placet
1706 1499 1899 1572 atque
1937 1493 2137 1573 juvat.

423 1598 505 1657 At
552 1613 740 1658 serva
787 1614 1013 1659 causas
1061 1614 1311 1675 quoque
1358 1597 1634 1659 amantis
1683 1587 1922 1677 gaudia
1967 1595 2226 1658 mentis:

594 1717 757 1778 quae
804 1698 1066 1762 turbare
1115 1698 1308 1761 velint
1354 1697 1583 1777 dulcia,
1632 1699 1801 1780 pelle
1846 1698 2042 1762 foras.

423 1801 525 1864 Sic
571 1801 716 1864 Tibi
760 1806 984 1882 gratus
1033 1807 1096 1864 et
1143 1801 1241 1864 hie
1289 1801 1395 1882 qui
1445 1801 1735 1865 nascitur
1784 1819 1987 1865 annus
2037 1800 2268 1864 abibit:

593 1903 751 1968 haee
799 1923 874 1968 ex
921 1923 1098 1968 more
1145 1903 1284 1967 Tibi
1332 1922 1625 1984 nuncupo
1676 1911 1845 1967 vota.
1904 1891 2113 1995 Vale.

423 2023 723 2078 Servestae.
2046 2023 2139 2076 187
2142 2023 2175 2074 8
2212 2021 2330 2074 Kal.
2366 2021 2400 2073 J
2404 2039 2489 2073 an.

1339 2362 1573 2503 xiim.

918 2598 1210 2678 Eidem
1262 2598 1388 2678 illi
1444 2597 1653 2677 Guil.
1710 2596 1988 2679 Corte.

635 2804 729 2866 En
778 2804 913 2867 dies
962 2803 1170 2866 illuxit
1217 2801 1438 2882 aprica
1486 2801 1761 2865 Amandi

635 2907 882 2983 nobiliS‚
933 2924 1121 2986 quem
1169 2923 1324 2968 aevo
1373 2910 1591 2967 vetere
1638 2904 1986 2967 audierunt

429 3010 754 3073 Vascones
802 3008 1118 3089 quondam
1168 3027 1352 3071 sacra
1395 3007 1892 3088 praedicantem·
1924 3006 2469 3070 Christicolarum.

632 3216 748 3280 Ille
795 3216 1142 3297 Belgarum
1190 3234 1438 3298 quoque
1486 3220 1712 3279 sancta
1757 3216 1930 3295 genti

634 3317 921 3394 tradidit,
970 3338 1084 3382 nec
1133 3337 1257 3382 non
1305 3318 1411 3382 ubi
1459 3319 1711 3398 tingere
1758 3319 1990 3399 amplis

278 3400 284 3597 ι
426 3422 688 3503 Tungra
733 3422 1094 3502 'I‘rajeetum
1143 3422 1324 3484 Mosa
1369 3420 1583 3485 fertur
1629 3422 1835 3501 mdia,
1887 3422 2189 3502 dogmata
2238 3420 2498 3483 Christi.

279 3598 286 3763 Ι
639 3629 912 3710 Auspice
961 3628 1078 3691 hoe
1125 3628 1180 3690 si
1232 3635 1417 3691 natus
1465 3647 1681 3705 amare
1731 3628 1982 3708 linguas

279 3764 287 3925 Ι
635 3734 942 3815 coemi-ie,
993 3750 1156 3811 quas
1209 3732 1348 3811 ripa
1394 3730 1615 3793 Mosae
1662 3732 2069 3811 amniumque

429 3838 707 3901 omnium
757 3838 837 3901 ad
886 3837 1036 3899 litus
1089 3834 1364 3915 liquidae
1411 3834 1781 3897 Garumnae
1834 3836 2023 3911 novit,
2078 3836 2416 3901 amandas:

281 3928 2243 4110 l-ffl--
2347 4133 2357 4149 .

1453 4132 1500 4165 41
