3125 4700
249 373 2634 490 Γ--Μ--ῄ--ῇ-’Ἶ

414 577 534 641 Hei
583 576 758 654 mihi,
808 595 998 657 quam
1049 575 1315 640 reboant
1361 575 1637 640 hominis
1687 577 1966 640 lamenta
2012 577 2271 640 miselli!

586 699 772 760 quam
819 678 980 743 fidos
1029 678 1238 743 socios
1285 679 1597 760 palliclulo
1644 699 1756 743 ore
1803 679 2013 743 vocat!

415 783 700 868 Fuqistis
743 806 868 863 vos,
919 782 1034 866 qui
1072 782 1320 844 calicem
1367 805 1549 866 saepe
1598 805 1701 844 ore
1738 796 2085 867 prementes

563 886 785 970 fratri
822 887 968 948 estis
994 885 1248 967 fratres
1292 908 1400 947 vos
1424 885 1583 968 fore
1613 884 1932 969 polliciti?

417 989 697 1066 Quonam
748 987 1060 1052 cessistis?
1103 1011 1236 1050 mea
1281 1011 1445 1050 nunc
1481 1001 1817 1072 properate
1862 989 2118 1074 liqatum

584 1094 860 1174 vulnera,
905 1114 1069 1155 nunc
1114 1093 1304 1155 celeri
1339 1114 1449 1154 vos
1493 1092 1653 1154 mi’lzi
1692 1091 1899 1154 adeste
1945 1092 2171 1154 manu!

412 1196 598 1259 Nunc
643 1194 922 1258 deducite
966 1218 1058 1258 me
1103 1193 1178 1258 de
1217 1197 1461 1282 qurqite
1511 1195 1953 1278 Tartareaque,

585 1299 804 1362 intima
850 1321 1005 1382 quae
1051 1311 1238 1361 torret
1283 1321 1566 1382 corpora,
1616 1297 1689 1361 de
1721 1300 1968 1383 pluvia.

419 1402 582 1464 Hinc
631 1425 724 1464 me
771 1401 1013 1485 efferte;
1057 1403 1186 1464 ruit
1221 1425 1420 1486 prope
1465 1426 1575 1484 me,
1616 1415 1759 1486 post
1803 1403 1986 1489 iqnis,
2035 1415 2090 1464 et
2136 1414 2275 1463 ante
2319 1439 2404 1447 —

589 1506 860 1567 solorum
907 1528 990 1566 an
1039 1506 1231 1567 vestri
1269 1527 1375 1568 vos
1421 1507 1709 1568 miserere
1753 1505 1945 1568 solet?

417 1608 690 1670 Frustra
733 1620 893 1670 tento
941 1608 1202 1670 animos.
1291 1608 1657 1672 Desertores
1701 1610 1859 1671 male
1884 1607 2033 1693 fidi,

588 1712 860 1795 liquistis
890 1733 1137 1796 poenae
1182 1734 1272 1774 me
1317 1714 1606 1774 miserum
1652 1711 2051 1774 innumerae!
2097 1751 2173 1760 —

421 1813 552 1876 Imo
597 1814 843 1901 iqnosce
885 1814 1056 1896 mihi,
1095 1827 1298 1899 pater,
1345 1816 1541 1898 impia
1586 1814 1774 1878 verba
1820 1817 2016 1878 locuto
2035 1837 2055 1877 .·

587 1940 776 1979 unum
824 1919 939 2001 qui
962 1931 1270 2002 properat
1315 1940 1496 1980 cerno
1541 1919 1701 1981 milii
1734 1919 1876 1997 fore
1922 1941 2112 2003 opem.

417 2017 520 2082 En
573 2021 732 2082 socio
779 2021 958 2083 vertit
994 2019 1376 2104 praecordia
1422 2043 1579 2104 quae
1624 2021 1937 2084 oni-sereret

590 2124 948 2207 omnipater.
1041 2123 1334 2186 Fronte-m
1358 2123 1504 2207 jam
1547 2124 1708 2186 mihi
1744 2137 1908 2210 terqe
1953 2147 2157 2204 manu,

397 2227 661 2312 jamque
709 2225 980 2289 dolentia
1026 2248 1213 2288 crura
1258 2239 1408 2290 tene.
1511 2226 1720 2303 Quid?
1778 2241 1834 2290 et
1878 2229 2127 2291 haecine
2173 2249 2335 2290 mors
2383 2241 2488 2308 est,

587 2331 678 2393 mi
717 2331 880 2393 latus
926 2354 1292 2417 oppuqnans
1341 2321 1497 2415 quae
1521 2330 1839 2415 febriente
1885 2345 2071 2417 caput

417 2435 487 2497 vi
525 2435 724 2519 quatit
767 2447 822 2497 et
867 2433 1145 2497 cruciat?
1224 2433 1448 2514 februo
1496 2457 1623 2519 qua
1667 2458 1851 2520 saepe
1896 2434 2189 2499 sacerdos

590 2538 730 2623 iqni
765 2536 1073 2600 contendit
1118 2560 1382 2622 corpora
1423 2550 1641 2600 nostra
1687 2536 1839 2601 dari
1848 2537 1877 2599 2

425 2640 648 2705 Omnes
695 2664 728 2703 o
775 2641 983 2703 sancti
1021 2664 1155 2703 cum
1200 2641 1440 2727 virqz'ne
1487 2638 1696 2703 adeste
1738 2640 1959 2703 beata!

590 2766 801 2828 meque
849 2743 1058 2807 dolore
1106 2745 1258 2825 leva,
1305 2742 1453 2807 diva
1499 2745 1730 2823 Maria,
1774 2744 1997 2830 qravi!
2041 2782 2121 2790 ——-

425 2847 524 2909 Mi
565 2846 751 2928 Deus,
799 2871 832 2910 o
877 2860 985 2910 tua
1032 2848 1132 2910 lem
1179 2848 1413 2931 quoties
1459 2870 1595 2936 mea
1638 2849 1874 2911 lumina
1898 2848 2121 2933 fuqill

591 2972 788 3013 nonne
832 2974 976 3014 reus
1021 2952 1237 3035 culpae
1262 2950 1409 3034 jam
1451 2952 1719 3016 violator
1764 2951 1909 3014 ero!
1956 2988 2036 2999 —-·

422 3054 510 3116 At
538 3053 692 3137 feci,
719 3054 1120 3139 fierijussit
1165 3078 1563 3139 quaecunque
1609 3053 1935 3118 sacerdos:

594 3157 742 3221 dixi
778 3181 961 3243 saepe
997 3181 1234 3243 preces,
1283 3158 1677 3243 abstinuique
1724 3159 1872 3222 cibo,
1921 3197 2005 3205 —

425 3260 586 3346 Leqe
631 3276 832 3325 tamen
879 3264 1216 3347 cuicunque
1263 3262 1394 3324 Dei
1432 3261 1723 3325 debemus
1766 3286 2029 3325 amorem

575 3365 822 3447 fratri:
867 3389 950 3428 an
994 3389 1311 3450 nunquam
1357 3364 1470 3429 odi
1509 3366 1624 3449 qui
1660 3366 1821 3428 mihi
1860 3364 2168 3428 amandus
2214 3363 2387 3425 erat?

429 3466 736 3543 Quaerere
780 3493 924 3533 num
972 3466 1148 3533 divos
1196 3472 1440 3533 animus
1485 3467 1794 3532 contendit
1841 3469 2117 3549 honores,

595 3595 674 3633 an
721 3572 990 3635 mihimet
1037 3571 1284 3635 laudem
1331 3595 1626 3656 quaerere
1672 3594 1855 3656 saepe
1899 3571 2107 3634 meus?
2152 3609 2233 3619 -—-

429 3672 722 3760 anoscas
765 3675 935 3757 milti,
985 3698 1142 3759 quae
1187 3674 1473 3760 deceptus
1517 3676 1787 3761 imaqine
1811 3676 2003 3760 falsa

579 3780 750 3862 feci‚·
796 3778 972 3843 crede
1016 3780 1187 3860 milti,
1222 3780 1618 3863 paenituisse
1640 3779 1852 3862 juvat.

2542 3952 2652 4064 L-

264 3954 2537 4069 'affl-*mm-

1436 4095 1487 4131 15
