3125 4700
419 616 753 681 Nobilibus
793 617 1083 699 Junctum
1131 617 1322 682 Dacis
1371 618 1668 683 Phaeaca
1710 617 2052 683 Rhibellen
2636 416 2642 668 Ι

596 739 862 786 cernere
906 725 1038 784 tum
1088 721 1264 785 licuit
1311 720 1843 802 Teutonibusque
1890 721 2097 785 simul.

424 823 681 888 Curtius
727 829 918 906 atque
969 843 1196 889 recens
1241 825 1492 906 patriae
1540 843 1657 888 sua
1702 843 1897 904 seque
1946 823 2203 902 dicavit,

597 926 1100 1008 Metranderque
1147 945 1343 1008 pares
1391 933 1456 992 et
1501 927 1906 992 Gelasander
1954 932 2160 992 erant.

423 1029 771 1111 Discipulis
821 1050 949 1094 una
996 1035 1062 1093 et
1106 1031 1312 1095 doctis
1361 1049 1623 1094 servare
1668 1031 2000 1111 magistris

597 1134 690 1198 sic
737 1138 933 1214 caput
977 1139 1174 1214 atque
1222 1133 1446 1198 ducem
1493 1133 1763 1215 contigit
1812 1132 2084 1214 imperii.

424 1236 542 1299 Vix
589 1235 766 1300 Mars
814 1236 1138 1315 conticuit,
1187 1237 1292 1300 vix
1339 1237 1538 1300 civica
1583 1237 1755 1300 bella
1801 1236 2124 1318 quierunt,

596 1359 709 1403 nos
757 1346 973 1404 tamen
1021 1341 1370 1404 Ausoniam
1418 1340 1733 1406 cessimus
1782 1359 1815 1404 e
1847 1340 2077 1421 patria.

424 1443 689 1508 Discere
735 1461 933 1524 porro
980 1443 1101 1524 ipsi
1150 1462 1518 1525 puerosque
1564 1443 1794 1508 docere
1841 1443 2060 1524 parati

595 1546 705 1609 illa
749 1564 1172 1627 peregramus
1221 1546 1562 1611 nobilitata
1609 1546 1765 1621 loca,

424 1649 566 1730 quis
614 1648 865 1713 animae
915 1649 1142 1713 cecidit
1191 1668 1461 1730 magnae
1507 1649 1652 1713 Mus
1698 1649 2013 1731 prodigus
2060 1648 2213 1713 olim

595 1753 674 1816 ad
723 1752 1029 1830 Veserim,
1081 1753 1440 1834 exemplum
1484 1753 1697 1818 nobile
1744 1753 2149 1834 postgenitiS‚

423 1855 682 1936 illaque,
729 1873 896 1936 quae
945 1855 1195 1919 Poenus
1243 1856 1406 1918 male
1453 1855 1741 1936 prudens
1789 1855 2067 1920 culmina
2113 1855 2300 1936 cepit,

598 1977 632 2022 e
681 1959 909 2039 quibus
959 1959 1022 2023 in
1069 1958 1292 2022 molles
1341 1959 1706 2039 despiceret
1752 1959 1992 2036 socios;

426 2062 681 2142 illaque,
731 2061 839 2125 ubi
886 2061 1092 2142 'rejaS‚
1139 2061 1344 2126 hastis
1391 2080 1588 2142 grave
1635 2061 1888 2142 quando
1937 2061 2231 2142 Pelasgis

595 2164 873 2246 projecit
919 2168 1189 2242 scutum,
1239 2163 1470 2228 nobilis
1521 2183 1725 2244 usque
1770 2163 1964 2228 cadit.

428 2269 600 2346 Quas
649 2273 784 2331 tum
833 2287 958 2332 non
1006 2285 1172 2344 oras,
1209 2267 1349 2332 loca-
1396 2274 1532 2330 tum
1580 2267 1963 2349 Cainpanica
2010 2285 2173 2347 quae
2222 2286 2344 2331 non

597 2371 698 2435 hic
743 2372 928 2437 homo
978 2370 1272 2435 viserunt
1319 2371 1863 2453 Wentrupiusque
1909 2370 2119 2434 simul!

426 2475 629 2539 Nobis
677 2474 958 2539 ostendit
1001 2479 1155 2537 tunc
1200 2474 1373 2538 bella
1417 2473 1634 2538 futur-a
1682 2474 1968 2539 Vesevus

597 2578 902 2642 emittens
947 2579 1131 2660 ignes
1177 2577 1452 2641 culmine
1498 2575 1831 2657 fumificos,

425 2688 641 2746 terrae
687 2700 804 2745 nec
854 2686 1060 2745 motus
1105 2700 1328 2762 pacem
1369 2680 1728 2762 praesagiit
1774 2681 1971 2745 altam
2019 2718 2103 2727 —-

599 2784 955 2864 exemplost
1001 2783 1241 2847 homini
1286 2783 1500 2865 patria
1549 2802 1809 2864 semper
1860 2784 2111 2847 humuS.

427 2886 571 2950 Non
614 2905 882 2967 pacem
929 2888 1216 2965 sortituS,
1266 2886 1472 2965 homo,
1521 2906 1814 2969 pugnare
1864 2887 1981 2951 sed
2030 2906 2231 2967 usque

600 2997 701 3054 est
747 2990 1016 3053 bominis
1043 2995 1146 3036 Χ-
1191 2990 1508 3071 quaedam
1557 3010 1677 3055 vox
1723 2990 2039 3071 sapientis
2088 2994 2249 3054 erat.

429 3095 511 3156 At
559 3110 675 3156 nos
713 3094 850 3174 jam
897 3094 1074 3157 senio
1120 3094 1460 3175 propiores
1522 3114 1536 3157 ε
1586 3112 1733 3159 ecce
1780 3094 2050 3175 capillus

600 3195 860 3276 vertice,
913 3197 966 3259 si
1013 3202 1139 3260 stat
1185 3196 1408 3275 adhuc,
1458 3196 1788 3278 barbaque
1836 3215 1995 3261 cana
2037 3195 2299 3261 micant.

427 3297 748 3363 Teutones
797 3300 859 3363 in
908 3298 1122 3364 Danos
1172 3300 1308 3364 sine
1356 3299 1538 3364 nobis
1586 3300 1755 3365 bella
1802 3300 2122 3382 gerebant
2166 3338 2251 3346 —

597 3402 768 3466 Tene
815 3404 956 3483 quis
1003 3408 1301 3467 ornatum
1346 3422 1444 3467 me
1488 3403 1862 3484 phalerisve
1910 3404 2133 3468 videt?

431 3504 724 3569 Vidimus
771 3505 942 3570 haud
992 3506 1286 3570 Sadovae
1333 3506 1700 3571 rubefactos
1750 3506 2065 3589 sanguine
2112 3524 2371 3587 campos

599 3614 1006 3690 praesentes3
1055 3609 1243 3690 longe
1291 3608 1558 3674 nuntius
1609 3610 1968 3675 advehitur.

427 3710 670 3777 Nuntia
713 3718 862 3777 sunt
907 3714 1119 3794 magni
1167 3713 1348 3778 nobis
1394 3715 1647 3795 perlata
1689 3715 2020 3795 triumphi,

603 3815 828 3881 Gallus
876 3836 997 3897 quo
1046 3816 1251 3881 victus
1299 3824 1552 3899 tempus
1600 3818 1666 3881 in
1713 3837 1899 3883 omne
1936 3818 2127 3899 jacet.

269 3988 578 4103 μή
