3125 4700
419 1911 715 1966 Servestac.

2024 417 2631 425 ———-————-—————

1033 828 1297 892 tandein
1347 828 1546 892 cessit
1592 829 1926 908 Teutonis3

865 931 1126 995 tandem
1172 931 1489 1012 gloriosus
1538 931 1717 996 Celta

867 1036 1035 1098 male
1084 1034 1235 1100 licta
1278 1034 1444 1116 fugit
1487 1036 1666 1116 pelta

1035 1157 1213 1201 oram
1261 1157 1486 1202 versus
1535 1139 1805 1220 Ligeris.

873 1293 1059 1358 Jacet
1102 1292 1304 1356 hostis
1352 1297 1416 1356 et
1454 1293 1711 1373 jacebit,

871 1397 957 1460 nil
1009 1402 1158 1476 aget
1205 1395 1372 1476 quod
1422 1396 1666 1460 cladem
1712 1397 1913 1462 flebit!

1037 1498 1218 1580 pacis
1268 1505 1515 1562 stamus
1564 1500 1864 1564 vindices.

872 1602 1081 1666 Macte
1131 1602 1320 1678 civeS,
1370 1608 1575 1676 macte
1620 1602 1826 1667 fortes

871 1705 1059 1768 fortis
1108 1703 1364 1786 patriae
1411 1704 1742 1768 cohortes!

1041 1806 1426 1888 Imperator!
1497 1806 1862 1889 Principes!
2294 1863 2299 1868 .

1950 1940 1956 1947 -
2060 1913 2192 1964 1876
2227 1929 2299 1966 m.
2338 1912 2485 1980 Sept.

1367 2141 1533 2205 XIX.

465 2267 951 2349 Jubilaeum
1008 2264 1476 2347 celebranti
1533 2266 1862 2346 consuli
1916 2265 2430 2348 Servestano

1172 2400 1550 2468 τηλεγροίφημα
1588 2416 1640 2466 q.
1680 2418 1727 2452 v.

535 2540 815 2605 Consule
863 2546 927 2604 te
976 2539 1176 2604 crevit
1221 2540 1458 2605 inultos
1509 2542 1813 2605 Servesta
1859 2559 1977 2621 per
2022 2561 2224 2605 annos
2271 2580 2352 2587 —

735 2650 886 2724 post
934 2649 998 2707 et
1045 2642 1251 2707 adhuc
1298 2644 1445 2707 urbi
1494 2645 1753 2708 consule
1801 2662 2036 2723 quaeso
2088 2643 2225 2706 diu!

430 2745 514 2800 Ex
552 2746 726 2820 Bitnga
763 2745 830 2798 ad
867 2745 1115 2799 Rhenum
1155 2746 1274 2797 sita.
2338 2748 2486 2799 1877.

1383 2987 1519 3051 XX.

553 3110 961 3191 Guilelmo
1016 3109 1268 3190 Corte
1325 3110 1710 3211 collegae
1760 3108 2336 3209 junctissimo.

627 3262 830 3327 Grata
876 3264 983 3326 lux
1030 3281 1198 3325 anno
1247 3262 1563 3325 redeunte
1610 3261 1781 3326 festa

626 3366 914 3446 hospites
960 3370 1129 3429 tecto
1161 3365 1301 3428 Tibi
1350 3366 1757 3447 gratulantes

423 3468 721 3533 admovet
767 3469 1036 3544 multos3
1087 3467 1278 3531 liceat
1323 3467 1609 3548 mihique
1657 3468 1965 3531 accedere
2013 3468 2077 3531 in
2123 3468 2271 3532 illis.

866 623 1131 701 Semper
1177 659 1259 667 -
1306 619 1507 703 hydra
1556 639 1668 684 ceu
1718 620 1997 684 subacta·
2034 656 2116 666 -
2416 653 2419 658 -

867 726 1078 788 Roma
1125 726 1352 789 crevit:
1395 725 1635 807 junctis
1682 724 1889 790 fracta

638 3624 731 3686 Ex
784 3622 1098 3687 Atlanteis
1146 3622 1331 3685 homo
1380 3622 1468 3685 Te
1517 3623 1777 3699 salutat,

629 3725 904 3807 Angliae
953 3726 1258 3789 extremis
1305 3725 1687 3805 peregrinus
1735 3725 1899 3801 oris;

423 3827 618 3908 quid?
664 3828 876 3893 ferent
924 3827 1265 3908 dicentque
1313 3828 1419 3891 alii
1468 3825 1779 3907 magistro
1825 3827 1997 3890 mille
2046 3826 2336 3889 salutem.

302 4097 313 4100 -
332 4091 991 4101 ————--————-————

1435 4124 1482 4159 37
