3125 4700
519 395 1187 451 f-„ss-ss---ss
1230 395 1395 400 m-
1538 395 1644 400 ,,-
1771 394 2050 400 --mm

881 599 1076 661 Arces
1121 616 1384 662 avorum
1435 597 1685 662 deseris
1732 596 1970 660 arduas

883 707 947 763 et
993 702 1219 764 matris
1276 700 1391 764 abs
1439 700 1526 764 Te
1576 700 1799 764 suavia
1848 699 2213 776 submoves„

1091 803 1314 867 urbem
1363 804 1679 884 petiturus
1728 804 2087 884 superbam,

1297 925 1458 987 qnae
1506 908 1729 986 spoliis
1778 907 1899 970 fuit
1946 913 2131 970 aucta
2180 925 2421 987 regum.

887 1009 1370 1074 Discordiaruln
1410 1010 1543 1090 jani
1592 1011 1873 1074 tonitrus
1922 1016 2156 1088 tacent,

882 1113 1131 1176 vinctus
1179 1113 1420 1176 catenis
1468 1113 1643 1177 Mars
1686 1114 1861 1194 jacet
1908 1115 2248 1194 inipotenS,

1088 1216 1359 1297 licetque
1409 1217 1762 1280 descendas
1812 1217 1873 1280 in
1922 1218 2109 1294 altm,

1283 1315 1550 1382 horrida
1598 1321 1701 1400 qui
1750 1338 2071 1397 vomuere,
2122 1320 2355 1384 hiatus.

886 1421 980 1483 Ad
1027 1426 1205 1484 astra
1251 1420 1337 1484 Te
1385 1441 1526 1485 sors
1576 1422 1811 1486 blanda
1860 1443 1976 1503 per
2024 1442 2257 1504 aspera

886 1522 1094 1602 ducat,
1144 1543 1514 1604 precamur3
1567 1525 1862 1606 quodque
1910 1525 2047 1589 Tibi
2098 1525 2271 1589 dedit

1091 1633 1325 1691 nat-ura
1373 1647 1605 1708 purum
1654 1648 1763 1694 cor
1811 1629 2102 1709 benigna,

1299 1731 1416 1794 hoc
1465 1731 1696 1794 redeas
1745 1750 1997 1812 quoque
2048 1731 2241 1796 eorde
2290 1751 2468 1813 puro,

881 1833 1120 1896 Terras
1169 1832 1436 1910 videbis,
1485 1852 1651 1914 quas
1699 1834 1885 1896 inodo
1934 1835 2161 1898 bellico

884 1953 1078 1999 curru
1127 1935 1444 2000 Gradivus
1495 1937 1787 2000 contudit
1834 1937 2132 2000 armifer:

1093 2039 1226 2102 Pax
1273 2057 1425 2102 arva
1475 2057 1640 2101 nunc
1691 2039 1909 2103 ridens
1958 2039 2214 2116 salutat,

1296 2141 1641 2222 frugiferas
1692 2150 2076 2224 segetesque
2126 2146 2387 2225 spargit.

886 2244 1174 2309 Rhenum
1223 2245 1567 2308 salutatum
1616 2244 1690 2317 is,
1742 2246 1841 2307 cui
1890 2247 2091 2326 gloria

885 2349 1168 2413 Tuorum
1215 2368 1479 2414 avorum
1528 2349 2099 2428 concelebrabitnr,

1093 2452 1212 2515 hae
1261 2452 1459 2516 donec
1505 2452 1715 2515 undae
1761 2453 2157 2516 misceantur

1300 2554 1558 2618 Oceano
1608 2554 1849 2618 virides
1901 2562 2166 2619 remoto.

889 2658 1120 2721 Herois
1167 2658 1292 2721 illic
1339 2658 1438 2721 fac
1487 2676 1676 2720 sacra
1722 2658 2044 2733 manibus3

893 2761 1148 2825 effunde
1197 2762 1418 2825 Rheno
1469 2761 1545 2823 de
1594 2761 1840 2841 pateris
1887 2764 2079 2841 patri,

1096 2864 1201 2945 qui
1246 2862 1464 2927 finium
1513 2870 1730 2927 custos
1779 2870 2030 2929 coercet

1303 2986 1504 3047 usque
1554 2966 1949 3047 alienigenas
1999 2967 2231 3033 fidelis.

891 3070 1216 3134 Germana
1261 3070 1468 3133 virtus
1518 3072 1611 3133 sic
1655 3070 1793 3134 Tibi
1844 3072 1929 3133 sit
1976 3090 2208 3147 comes,

890 3176 1097 3254 ripam
1147 3174 1474 3237 sinistram
1524 3192 1665 3237 cum
1711 3173 1925 3254 fragili
1976 3176 2217 3255 scapha

1095 3284 1343 3357 tanigeS‚
1396 3278 1514 3339 viri
1566 3296 1691 3357 qua
1738 3277 2101 3341 nescientes

1303 3380 1690 3444 Teutonicae
1740 3378 1885 3443 fidei
1934 3389 2265 3459 vagantur.

683 3479 1027 3549 Vitebergae.

521 3792 634 4077 t

2608 3485 2756 3545 1858,
