3125 4700
455 574 560 638 Sic
606 574 750 654 quis
797 575 883 638 ali
929 575 1086 638 dixit
1133 575 1338 640 vicino
1385 576 1483 639 vir
1529 577 1747 657 gravis
1794 578 1980 640 annis
2026 615 2111 626 --

627 677 915 741 cernitur
959 697 1038 741 en
1087 697 1314 742 currus
1365 678 1995 762 quadrupedansque
2044 699 2260 747 sonus.

457 777 691 842 Audite
735 792 918 864 atque
962 781 1126 844 viam
1171 779 1434 844 mediam
1479 783 1758 846 servate!
1803 784 2100 865 celerque

625 901 850 947 currus
899 903 1127 965 equum
1174 885 1408 949 tollens
1455 886 1755 966 pervolat
1800 887 1909 951 ille
1956 906 2237 969 gregem.

451 985 762 1050 Insedere
808 986 972 1050 fabri
1021 986 1326 1052 Germani
1375 981 1931 1070 Sauromataeque

621 1108 734 1154 sex
779 1108 1066 1169 numer0,
1116 1090 1267 1154 laeti
1317 1089 1541 1155 ludere
1588 1091 1938 1173 colloquio:

449 1191 646 1254 Proin
693 1191 874 1256 hodie
925 1193 1148 1257 Vesuvi
1193 1193 1483 1276 visamus,
1531 1216 1675 1256 cras
1718 1191 2095 1278 Stabiarum,

623 1307 688 1358 ac
737 1293 1122 1380 Caprearum
1169 1297 1327 1360 altos
1371 1317 1503 1359 ecce
1533 1295 1839 1381 perendie
1884 1321 2089 1384 aqros.

450 1397 665 1460 Euhoe
711 1399 1006 1462 laetemur
1029 1399 1338 1483 juvenes!
1383 1399 1735 1485 Rapiamas
1780 1403 1972 1466 amici

621 1525 778 1586 quae
825 1503 937 1564 lux
982 1501 1172 1565 donat
1217 1501 1438 1586 adhuc,
1485 1516 1702 1567 nostra
1746 1504 1861 1568 ubi
1892 1528 2097 1592 yenua
2141 1506 2357 1569 mrem.

455 1603 684 1668 Evolat
730 1625 805 1668 en
855 1624 1080 1670 currus
1128 1623 1267 1670 cum
1318 1606 1847 1689 quadrupedante
1894 1609 2171 1687 caballo;

617 1709 958 1789 praeteriit
1007 1727 1240 1788 arcem,
1293 1729 1484 1790 quam
1531 1710 1645 1774 Pie
1693 1711 1876 1776 None
1922 1712 2096 1791 coliS,
2176 1774 2181 1778 ,

447 1810 742 1874 Retinam
790 1818 1104 1893 properat
1149 1813 1384 1876 montis
1431 1832 1815 1895 percurrere
1860 1813 2071 1894 finem,

623 1913 739 1977 sub
788 1933 913 1995 qua
960 1915 1200 1980 intacta
1247 1915 1355 1980 diu
1403 1916 1665 1980 dormiit
1712 1917 2053 1996 Herculea,

449 2036 576 2098 qua
621 2017 954 2099 mulusque
1003 2018 1358 2100 asinusque
1403 2018 1709 2100 frequens
1754 2026 2019 2100 portare
2064 2005 2336 2102 paratus

617 2126 748 2184 stat
792 2122 1283 2202 peregrinantes
1329 2123 1392 2185 in
1433 2124 1594 2204 juga
1640 2141 1887 2186 summa
1932 2122 2133 2186 viros,

445 2222 580 2286 Nec
623 2241 821 2302 mora,
872 2223 1304 2305 disponuntur
1352 2225 1660 2307 ephippia
1707 2232 1771 2289 et
1815 2226 2123 2290 inseritur
2166 2245 2311 2308 pes:

621 2326 971 2407 scanditur,
1021 2347 1099 2392 en
1146 2327 1386 2393 radunt
1431 2328 1599 2393 levia
1644 2347 1797 2393 saxa
1841 2328 2007 2394 viae.
2053 2368 2138 2376 —

452 2428 656 2494 Cerne
702 2436 773 2493 ut
813 2431 944 2511 jam
990 2436 1136 2511 post
1182 2450 1298 2495 nos
1345 2431 1715 2512 pandantur
1762 2434 2025 2497 caerula
2070 2434 2277 2515 ponti:

620 2552 772 2596 saxa
819 2533 1008 2597 viden
1059 2533 1448 2614 Caprearum
1501 2536 1948 2617 Aenariaeque
1986 2536 2261 2617 jugum?

452 2636 548 2698 En
593 2636 1053 2701 Pandateriam
1098 2638 1202 2700 vix
1249 2637 1472 2716 visam,
1521 2644 1590 2702 at
1635 2639 1770 2703 sole
1818 2640 2177 2718 micantem,

618 2759 742 2820 qua
790 2740 1106 2804 scelerum
1151 2747 1369 2803 natam
1418 2740 1701 2805 Caesare
1746 2742 2086 2822 paenituit.

444 2842 714 2906 Lumina
755 2844 888 2923 jam
935 2842 1234 2907 Phoebea
1280 2842 1461 2907 vides
1508 2842 1850 2925 infringier
1894 2844 2101 2925 undiS,

615 2945 715 3009 vir
762 2946 968 3026 qualis
1018 2946 1222 3009 victor
1269 2945 1502 3011 cedere
1549 2946 1689 3011 luce
1738 2946 1924 3011 solet.

445 3049 486 3113 J
495 3067 596 3111 am
643 3048 1030 3131 Prochytam
1077 3066 1306 3113 versus
1355 3050 1448 3112 sol
1497 3048 1757 3128 decidit,
1808 3050 2236 3115 obscurantur

607 3153 738 3233 jam
780 3152 932 3233 juga
980 3152 1210 3215 Miseni
1261 3153 1539 3232 caerula,
1588 3171 1823 3233 vesper
1870 3153 2071 3218 adest.

433 3256 606 3343 'Ecce
629 3262 932 3336 premunt
956 3256 1297 3320 tenebrae:
1328 3255 1589 3321 taedam
1614 3274 1819 3338 usque
1845 3257 2176 3322 accendite
2202 3258 2283 3322 ad
2318 3258 2514 3349 aedes

614 3358 924 3439 cauponis
973 3358 1268 3423 monachi
1314 3359 1551 3424 lumine
1598 3358 1903 3423 sulfure0.
1950 3396 2035 3407 -

440 3461 712 3543 Jamque
758 3462 966 3543 ligant
1013 3462 1240 3540 mulos,
1289 3461 1536 3525 Christi
1586 3462 1959 3544 cognomine
2006 3463 2223 3527 vinum

614 3564 876 3629 sedulus
925 3570 997 3628 ut
1042 3584 1246 3647 caupo
1294 3565 1562 3629 collocat
1610 3564 1673 3627 in
1720 3565 1971 3643 tabula3

441 3668 854 3749 membraque
901 3667 1244 3733 calfaciunt
1289 3667 1619 3750 frigentia,
1667 3686 1812 3733 nam
1858 3667 2172 3733 Februari

619 3789 772 3849 nox3
822 3770 1056 3837 calices
1101 3776 1368 3852 ponunt,
1419 3772 1628 3835 denuo
1676 3776 1741 3834 et
1786 3769 2139 3853 aufugiunt.

277 3938 892 4059 l--ffl-ss

1440 4084 1490 4123 13
