3125 4700
1620 611 1728 676 xl.

899 734 1295 836 Collegae
1348 734 1883 835 nupturienti
1940 754 2132 815 eum
2188 733 2456 816 donis,

645 905 882 970 Panem
929 910 996 968 et
1041 904 1378 970 Circenses
1427 922 1587 984 gens
1634 904 1907 970 Romula
1951 903 2205 984 quando
2253 904 2546 985 poposcit

643 1025 874 1090 panem
919 1006 1237 1087 hodieque
1283 1025 1474 1070 orare
1521 1007 1688 1070 solet
1732 1025 1891 1086 gens
1938 1005 2487 1084 Christicolarum,

643 1129 782 1174 cum
829 1128 1024 1192 prece
1071 1128 1190 1174 nos
1235 1128 1551 1174 summum
1601 1109 2021 1190 septemplice
2069 1127 2299 1174 numen
2348 1109 2619 1174 adimus.

645 1212 893 1276 Dentur
938 1211 1166 1278 abhinc
1212 1211 1393 1276 vobis
1442 1213 1653 1290 etiam,
1704 1231 2120 1292 quaecunque
2166 1211 2442 1292 rogabiS,

637 1316 772 1398 Jam
818 1315 1049 1379 larium
1098 1316 1238 1396 ipse
1285 1333 1510 1379 recens
1558 1315 1833 1378 antistes
1881 1313 1947 1376 in
1996 1314 2151 1378 urbe
2198 1323 2560 1379 recentum:

645 1417 934 1498 corporis
981 1417 1314 1482 incolumis
1360 1435 1500 1480 cum
1548 1435 1719 1496 pane
1766 1417 1941 1480 salus
1988 1417 2326 1498 animique,

645 1519 952 1602 illiusque
999 1520 1192 1598 saluS,
1242 1538 1430 1600 quam
1468 1518 1743 1600 junxisti
1791 1517 1931 1582 Tibi
1979 1525 2245 1600 nuptam

647 1624 956 1705 auspiciis
1003 1622 1193 1687 hodie
1240 1622 1474 1686 divinis
1522 1629 1777 1703 tempus
1824 1622 1889 1684 iu
1935 1640 2141 1700 omne,

645 1745 938 1808 quaeque
985 1725 1347 1790 catechetes
1393 1725 1595 1790 voluit
1640 1743 1871 1806 panem
1917 1743 2061 1788 esse
2078 1724 2452 1788 ·LutheruS.

645 1828 741 1893 Ne
784 1835 997 1893 tamen
1043 1846 1189 1893 esse
1235 1827 1374 1892 Tibi
1423 1829 1651 1908 longus
1700 1827 1939 1906 videar,
1990 1832 2141 1910 peto
2186 1825 2405 1892 finem:

646 1932 866 1996 felices
915 1931 1100 1996 ambo
1147 1936 1303 2008 este,
1353 1930 1575 1996 ambos
1623 1930 1875 1996 salvere
1916 1931 2234 2012 jubemuS,

647 2035 926 2116 dumque
973 2033 1134 2099 deus
1181 2033 1458 2113 dederit,
1509 2052 1825 2098 memores
1873 2052 2125 2128 quoque
2172 2032 2369 2096 vivite
2418 2033 2647 2097 nostri.

716 2135 1029 2205 Colbergae.
2133 2138 2264 2189 1867
2302 2153 2373 2188 m.
2412 2133 2579 2203 Majo.

1614 2325 1757 2392 XII.

839 2448 1354 2531 Academiae
1408 2449 1932 2531 Litterarum
1988 2450 2530 2551 Hungarieae

843 2584 1038 2649 aedes
1085 2586 1782 2668 novas2i11augura11tis
1834 2580 2316 2674 rvffieypciqrhucc
2363 2606 2421 2667 q.
2470 2604 2526 2649 v.

649 2740 743 2803 Tu
792 2757 958 2803 nova
1003 2745 1175 2807 tect-a
1221 2739 1418 2817 colaS,
1467 2739 1846 2805 Academia!
1937 2740 2032 2803 Tu
2078 2740 2215 2805 Tua
2263 2760 2462 2824 regna

822 2843 1157 2924 Hungaria
1201 2842 1512 2924 accipias!
1563 2843 1800 2925 Accipe
1850 2850 1994 2908 vota
2042 2846 2191 2908 soci.

648 2944 960 3015 colbergae.
2569 2948 2718 2999 1867.

1604 3186 1778 3251 XIII.

769 3308 1164 3411 Collegae
1222 3309 1570 3410 linguae
1627 3309 1998 3392 Gallicae
2045 3310 2594 3411 peritissimo,

1079 3444 1393 3509 decimum
1438 3443 1615 3509 vitae
1663 3446 1935 3509 lustrum
1985 3445 2289 3526 explenti.

1432 3562 1518 3615 Ad
1557 3563 1703 3615 Guil.
1743 3563 1922 3616 Corte.

651 3681 899 3748 Gallias
946 3681 1182 3747 Caesar
1229 3684 1503 3765 subegit,
1552 3685 1759 3749 victus
1805 3685 1951 3749 aliis
2001 3685 2240 3749 Caesar
2289 3691 2407 3763 est,

649 3784 858 3849 Marte
904 3784 1124 3850 Gallos
1169 3806 1282 3852 rex
1331 3787 1605 3869 subegit,
1654 3793 1796 3852 arte
1844 3788 1993 3852 vicit
2038 3787 2314 3851 Cortius.

1661 4111 1710 4147 30
