3125 4700
594 583 993 666 Languidior
1039 585 1373 666 paullatim
1421 623 1502 630 —
1551 604 1629 650 ea
1676 604 1819 649 sors
1866 585 2243 650 mortalibus
2288 623 2370 634 —
2419 591 2617 664 artua

764 686 880 752 sed
926 692 1144 752 tamen
1191 687 1404 770 ampla
1449 688 1635 752 bonis
1682 707 1861 752 mens
1912 689 2075 752 viret
2120 690 2379 770 ingenii.

591 790 756 868 Quin
805 790 1089 871 amplum
1136 791 1342 871 gratis
1387 790 1475 854 Te
1522 783 1755 854 animis
1804 792 2127 873 ditemque
2176 792 2502 857 vocemus!

760 891 849 956 Te
889 892 1195 974 juvenum
1243 912 1452 974 nuper
1496 913 1655 975 grex
1698 893 1837 959 face
1886 895 2122 959 densus
2168 895 2321 973 adit,

591 995 870 1077 dumque
916 995 1297 1059 recordandi
1343 995 1483 1060 Tibi
1531 996 1872 1076 splendida
1916 997 2101 1078 pocla
2145 997 2539 1075 ministrant,

766 1115 878 1163 cor
922 1097 1061 1162 Tibi
1109 1117 1227 1163 ceu
1265 1098 1487 1180 juveni
1533 1100 1777 1166 laetum
1824 1107 1891 1164 et
1936 1102 2147 1166 alacre
2194 1101 2360 1165 salit.

595 1201 774 1266 Haec
806 1220 1054 1282 quoque
1107 1221 1298 1283 quam
1331 1202 1594 1268 tulimus
1642 1210 1900 1268 moneat
1932 1203 2019 1269 Te
2054 1205 2197 1269 diva
2230 1205 2271 1270 J
2290 1209 2660 1283 uventas,

766 1323 956 1386 quam
1005 1304 1236 1369 studiis
1280 1306 1550 1386 juvenes
1599 1307 1963 1371 instituisse.
2006 1309 2203 1389 juvet.

592 1407 679 1472 Ut
723 1405 930 1472 reficit
976 1414 1360 1489 recreatque
1407 1410 1655 1473 animos
1704 1411 2094 1475 senioribus!
2145 1431 2180 1476 0
2229 1398 2419 1492 quam

761 1518 988 1594 gratos
1035 1531 1152 1594 pro
1203 1513 1378 1578 socio
1429 1531 1544 1576 nos
1592 1531 1843 1595 quoque
1890 1533 2155 1579 munere
2201 1515 2429 1580 habes!

595 1615 830 1679 Munus
877 1615 1164 1697 collegae
1212 1615 1517 1695 posuisti;
1567 1633 1807 1696 ponere
1852 1617 1980 1680 noli

769 1717 935 1799 quod
981 1717 1120 1782 Tibi
1169 1735 1286 1781 nos
1324 1717 1536 1798 junxit
1581 1717 1809 1783 foedus
1858 1721 2206 1785 amicitiae!

595 1819 894 1876 Sel-vestae.
2220 1826 2349 1876 1875
2386 1842 2455 1876 m.
2498 1824 2663 1892 Maj0.

1508 2086 1743 2151 XVIII.

1133 2209 1227 2290 In
1282 2207 1645 2290 Arminii
1698 2210 2135 2292 honorem.

911 2341 1258 2412 Rhythmice,
1295 2360 1406 2397 non
1444 2343 1695 2412 metrice3
1733 2344 1791 2398 in
1830 2345 2047 2399 modum
2087 2346 2357 2401 Dahniani

1263 2447 1448 2500 Macte
1483 2462 1650 2501 senex
1685 2449 2001 2516 imperator.

1061 2689 1294 2753 nobilis
1344 2690 1532 2754 sedes
1582 2707 1861 2768 avorum,

1223 2798 1447 2857 sancta
1491 2794 1667 2857 salve
1712 2793 1951 2873 patria!

1057 2897 1234 2975 Quae
1279 2902 1381 2961 tot
1425 2896 1893 2978 triumphorum
1942 2897 2157 2978 palma

1057 3000 1267 3064 cincta
1315 2998 1544 3079 fulgeS,
1592 2999 1785 3063 tellus
1832 3000 2017 3078 alma,

1226 3109 1404 3168 terra
1451 3104 1630 3167 salve
1676 3102 1991 3167 Teutona!

1059 3260 1377 3336 Quantam
1424 3258 1582 3321 vidit
1629 3262 1911 3339 stragem
1964 3259 2110 3323 Vari

1061 3362 1457 3444 Teutoburgi
1509 3362 1714 3426 saltus
1762 3360 1936 3440 clari,

1225 3470 1440 3530 notam
1489 3464 1661 3529 fama
1706 3465 2093 3545 temporum!

1067 3568 1268 3633 Nobis
1315 3568 1523 3633 adhuc
1568 3569 2037 3649 propugnantis

1062 3672 1350 3750 vindiciS,
1401 3671 1593 3737 fidem
1641 3672 1980 3750 hortantis²

1057 2586 1349 2649 Fortium
1398 2586 1615 2649 nutrix
1659 2587 1956 2666 virorum,

1223 3794 1300 3839 en
1348 3775 1669 3839 colossum
1715 3774 2001 3838 aereum!
2099 3765 2104 3770 ’
