<?xml version="1.0" encoding="UTF-8"?>
<!DOCTYPE html PUBLIC "-//W3C//DTD XHTML 1.0 Transitional//EN"
    "http://www.w3.org/TR/xhtml1/DTD/xhtml1-transitional.dtd">
<html xmlns="http://www.w3.org/1999/xhtml" xml:lang="en" lang="en">
 <head>
  <title>
</title>
<meta http-equiv="Content-Type" content="text/html;charset=utf-8" />
  <meta name='ocr-system' content='tesseract 3.04.00' />
  <meta name='ocr-capabilities' content='ocr_page ocr_carea ocr_par ocr_line ocrx_word'/>
</head>
<body>
  <div class='ocr_page' id='page_1' title='image "./seriamixtajocis00unkngoog_0042.png"; bbox 0 0 3125 4700; ppageno 0'>
   <div class='ocr_carea' id='block_1_1' title="bbox 490 410 2895 526">
    <p class='ocr_par' dir='ltr' id='par_1_1' title="bbox 490 410 2895 526">
     <span class='ocr_line' id='line_1_1' title="bbox 490 410 2895 526; baseline 0.002 -4"><span class='ocrx_word' id='word_1_1' title='bbox 490 410 2895 526; x_wconf 33' lang='lat' dir='ltr'>V—m—ss&#39;a—*ss</span> 
     </span>
    </p>
   </div>
   <div class='ocr_carea' id='block_1_2' title="bbox 473 3984 1004 4099">
    <p class='ocr_par' dir='ltr' id='par_1_2' title="bbox 473 3984 1004 4099">
     <span class='ocr_line' id='line_1_2' title="bbox 473 3984 1004 4099; baseline 0 0"><span class='ocrx_word' id='word_1_2' title='bbox 473 3984 1004 4099; x_wconf 44' lang='lat' dir='ltr'>L*</span> 
     </span>
    </p>
   </div>
   <div class='ocr_carea' id='block_1_3' title="bbox 1586 531 2893 695">
    <p class='ocr_par' dir='ltr' id='par_1_3' title="bbox 1586 531 2893 695">
     <span class='ocr_line' id='line_1_3' title="bbox 1586 531 2893 695; baseline -0.014 -15"><span class='ocrx_word' id='word_1_3' title='bbox 1586 615 1756 680; x_wconf 74' lang='lat' dir='ltr'>xw.</span> <span class='ocrx_word' id='word_1_4' title='bbox 2884 531 2893 695; x_wconf 78' lang='grc' dir='ltr'>Ι</span> 
     </span>
    </p>
   </div>
   <div class='ocr_carea' id='block_1_4' title="bbox 998 737 2379 942">
    <p class='ocr_par' dir='ltr' id='par_1_4' title="bbox 998 737 2379 942">
     <span class='ocr_line' id='line_1_4' title="bbox 998 737 2379 839; baseline -0.001 -20"><span class='ocrx_word' id='word_1_5' title='bbox 998 737 1390 839; x_wconf 85' lang='lat' dir='ltr'>Collegae</span> <span class='ocrx_word' id='word_1_6' title='bbox 1443 739 1825 820; x_wconf 88' lang='lat' dir='ltr'>natalem</span> <span class='ocrx_word' id='word_1_7' title='bbox 1880 738 2379 820; x_wconf 80' lang='lat' dir='ltr'>celebranti.</span> 
     </span>
     <span class='ocr_line' id='line_1_5' title="bbox 1408 871 1935 942; baseline -0.004 -16"><span class='ocrx_word' id='word_1_8' title='bbox 1408 872 1513 942; x_wconf 80' lang='lat' dir='ltr'>(Ad</span> <span class='ocrx_word' id='word_1_9' title='bbox 1552 871 1696 926; x_wconf 74' lang='lat' dir='ltr'>Gaii.</span> <span class='ocrx_word' id='word_1_10' title='bbox 1734 871 1935 940; x_wconf 79' lang='lat' dir='ltr'>Corte.)</span> 
     </span>
    </p>
   </div>
   <div class='ocr_carea' id='block_1_5' title="bbox 632 1011 2679 2537">
    <p class='ocr_par' dir='ltr' id='par_1_5' title="bbox 632 1011 2679 2537">
     <span class='ocr_line' id='line_1_6' title="bbox 640 1011 2245 1094; baseline 0 -18"><span class='ocrx_word' id='word_1_11' title='bbox 640 1011 891 1076; x_wconf 83' lang='lat' dir='ltr'>Gaudia</span> <span class='ocrx_word' id='word_1_12' title='bbox 936 1017 1314 1094; x_wconf 82' lang='lat' dir='ltr'>pertentant</span> <span class='ocrx_word' id='word_1_13' title='bbox 1359 1014 1635 1094; x_wconf 83' lang='lat' dir='ltr'>patriam</span> <span class='ocrx_word' id='word_1_14' title='bbox 1684 1017 1934 1076; x_wconf 84' lang='lat' dir='ltr'>rectore</span> <span class='ocrx_word' id='word_1_15' title='bbox 1982 1017 2245 1094; x_wconf 80' lang='lat' dir='ltr'>recepto</span> 
     </span>
     <span class='ocr_line' id='line_1_7' title="bbox 812 1113 2502 1197; baseline -0.002 -17"><span class='ocrx_word' id='word_1_16' title='bbox 812 1114 1094 1180; x_wconf 81' lang='lat' dir='ltr'>Caesare</span> <span class='ocrx_word' id='word_1_17' title='bbox 1139 1151 1224 1162; x_wconf 89' lang='lat'>—</span> <span class='ocrx_word' id='word_1_18' title='bbox 1268 1115 1346 1179; x_wconf 83' lang='lat' dir='ltr'>ab</span> <span class='ocrx_word' id='word_1_19' title='bbox 1395 1115 1715 1197; x_wconf 87' lang='lat' dir='ltr'>Hesperio</span> <span class='ocrx_word' id='word_1_20' title='bbox 1763 1121 1967 1180; x_wconf 82' lang='lat' dir='ltr'>macte</span> <span class='ocrx_word' id='word_1_21' title='bbox 2018 1133 2283 1180; x_wconf 73' lang='lat' dir='ltr'>reverse</span> <span class='ocrx_word' id='word_1_22' title='bbox 2330 1113 2502 1178; x_wconf 77' lang='lat' dir='ltr'>solo!</span> 
     </span>
     <span class='ocr_line' id='line_1_8' title="bbox 639 1216 2294 1301; baseline -0.001 -20"><span class='ocrx_word' id='word_1_23' title='bbox 639 1216 890 1282; x_wconf 87' lang='lat' dir='ltr'>Gaudia</span> <span class='ocrx_word' id='word_1_24' title='bbox 939 1223 1002 1282; x_wconf 91' lang='lat' dir='ltr'>et</span> <span class='ocrx_word' id='word_1_25' title='bbox 1049 1217 1320 1282; x_wconf 87' lang='lat' dir='ltr'>alterius</span> <span class='ocrx_word' id='word_1_26' title='bbox 1367 1223 1746 1301; x_wconf 84' lang='lat' dir='ltr'>pertentant</span> <span class='ocrx_word' id='word_1_27' title='bbox 1788 1223 1975 1300; x_wconf 78' lang='lat' dir='ltr'>grata</span> <span class='ocrx_word' id='word_1_28' title='bbox 2020 1224 2294 1298; x_wconf 79' lang='lat' dir='ltr'>penates</span> 
     </span>
     <span class='ocr_line' id='line_1_9' title="bbox 811 1319 2289 1402; baseline -0.001 -18"><span class='ocrx_word' id='word_1_29' title='bbox 811 1319 1114 1384; x_wconf 90' lang='lat' dir='ltr'>Guilelmi</span> <span class='ocrx_word' id='word_1_30' title='bbox 1159 1357 1242 1367; x_wconf 87' lang='lat'>—</span> <span class='ocrx_word' id='word_1_31' title='bbox 1288 1322 1532 1402; x_wconf 87' lang='lat' dir='ltr'>pariter</span> <span class='ocrx_word' id='word_1_32' title='bbox 1579 1327 1787 1386; x_wconf 87' lang='lat' dir='ltr'>macte</span> <span class='ocrx_word' id='word_1_33' title='bbox 1834 1321 2025 1385; x_wconf 86' lang='lat' dir='ltr'>beate</span> <span class='ocrx_word' id='word_1_34' title='bbox 2072 1320 2289 1402; x_wconf 82' lang='lat' dir='ltr'>pater!</span> 
     </span>
     <span class='ocr_line' id='line_1_10' title="bbox 639 1421 2377 1500; baseline -0.001 -15"><span class='ocrx_word' id='word_1_35' title='bbox 639 1421 846 1488; x_wconf 81' lang='lat' dir='ltr'>Macte</span> <span class='ocrx_word' id='word_1_36' title='bbox 893 1424 1086 1487; x_wconf 88' lang='lat' dir='ltr'>animi</span> <span class='ocrx_word' id='word_1_37' title='bbox 1134 1422 1284 1500; x_wconf 85' lang='lat' dir='ltr'>vivi,</span> <span class='ocrx_word' id='word_1_38' title='bbox 1334 1429 1541 1488; x_wconf 87' lang='lat' dir='ltr'>macte</span> <span class='ocrx_word' id='word_1_39' title='bbox 1588 1443 1625 1487; x_wconf 93' lang='lat' dir='ltr'>o</span> <span class='ocrx_word' id='word_1_40' title='bbox 1674 1423 2018 1488; x_wconf 72' lang='lat' dir='ltr'>Parnassio.</span> <span class='ocrx_word' id='word_1_41' title='bbox 2067 1428 2248 1488; x_wconf 84' lang='lat' dir='ltr'>vates</span> <span class='ocrx_word' id='word_1_42' title='bbox 2298 1461 2377 1470; x_wconf 91' lang='lat'><strong>—</strong></span> 
     </span>
     <span class='ocr_line' id='line_1_11' title="bbox 807 1525 2265 1608; baseline -0.001 -18"><span class='ocrx_word' id='word_1_43' title='bbox 807 1531 958 1608; x_wconf 84' lang='lat' dir='ltr'>apta</span> <span class='ocrx_word' id='word_1_44' title='bbox 1001 1527 1294 1608; x_wconf 70' lang='lat' dir='ltr'>poetanti</span> <span class='ocrx_word' id='word_1_45' title='bbox 1342 1545 1532 1608; x_wconf 84' lang='lat' dir='ltr'>quam</span> <span class='ocrx_word' id='word_1_46' title='bbox 1578 1527 1747 1591; x_wconf 88' lang='lat' dir='ltr'>bene</span> <span class='ocrx_word' id='word_1_47' title='bbox 1792 1526 1987 1591; x_wconf 85' lang='lat' dir='ltr'>verba</span> <span class='ocrx_word' id='word_1_48' title='bbox 2032 1525 2265 1590; x_wconf 84' lang='lat' dir='ltr'>fluunt!</span> 
     </span>
     <span class='ocr_line' id='line_1_12' title="bbox 638 1629 2441 1711; baseline 0.001 -20"><span class='ocrx_word' id='word_1_49' title='bbox 638 1631 722 1692; x_wconf 89' lang='lat' dir='ltr'>At</span> <span class='ocrx_word' id='word_1_50' title='bbox 768 1630 974 1710; x_wconf 88' lang='lat' dir='ltr'>magis</span> <span class='ocrx_word' id='word_1_51' title='bbox 1021 1629 1138 1694; x_wconf 87' lang='lat' dir='ltr'>hoc</span> <span class='ocrx_word' id='word_1_52' title='bbox 1183 1630 1409 1707; x_wconf 86' lang='lat' dir='ltr'>laetor,</span> <span class='ocrx_word' id='word_1_53' title='bbox 1457 1631 1626 1711; x_wconf 90' lang='lat' dir='ltr'>quod</span> <span class='ocrx_word' id='word_1_54' title='bbox 1675 1631 1887 1695; x_wconf 85' lang='lat' dir='ltr'>adhuc</span> <span class='ocrx_word' id='word_1_55' title='bbox 1936 1631 2179 1710; x_wconf 78' lang='lat' dir='ltr'>collega</span> <span class='ocrx_word' id='word_1_56' title='bbox 2227 1630 2441 1695; x_wconf 84' lang='lat' dir='ltr'>vocari</span> 
     </span>
     <span class='ocr_line' id='line_1_13' title="bbox 807 1731 1982 1814; baseline 0 -20"><span class='ocrx_word' id='word_1_57' title='bbox 807 1731 903 1794; x_wconf 87' lang='lat' dir='ltr'>Tu</span> <span class='ocrx_word' id='word_1_58' title='bbox 943 1733 1210 1813; x_wconf 83' lang='lat' dir='ltr'>pateriS,</span> <span class='ocrx_word' id='word_1_59' title='bbox 1257 1733 1452 1813; x_wconf 85' lang='lat' dir='ltr'>prisci</span> <span class='ocrx_word' id='word_1_60' title='bbox 1501 1733 1633 1814; x_wconf 86' lang='lat' dir='ltr'>pila</span> <span class='ocrx_word' id='word_1_61' title='bbox 1680 1731 1982 1797; x_wconf 82' lang='lat' dir='ltr'>sodalitii.</span> 
     </span>
     <span class='ocr_line' id='line_1_14' title="bbox 637 1835 2210 1917; baseline 0.001 -19"><span class='ocrx_word' id='word_1_62' title='bbox 637 1835 895 1900; x_wconf 88' lang='lat' dir='ltr'>Lustris</span> <span class='ocrx_word' id='word_1_63' title='bbox 941 1835 1270 1898; x_wconf 81' lang='lat' dir='ltr'>exsultans</span> <span class='ocrx_word' id='word_1_64' title='bbox 1316 1835 1418 1898; x_wconf 87' lang='lat' dir='ltr'>bis</span> <span class='ocrx_word' id='word_1_65' title='bbox 1465 1836 1675 1917; x_wconf 88' lang='lat' dir='ltr'>quinis</span> <span class='ocrx_word' id='word_1_66' title='bbox 1724 1835 1949 1917; x_wconf 84' lang='lat' dir='ltr'>adjicis</span> <span class='ocrx_word' id='word_1_67' title='bbox 1998 1855 2210 1916; x_wconf 87' lang='lat' dir='ltr'>unum,</span> 
     </span>
     <span class='ocr_line' id='line_1_15' title="bbox 809 1938 2350 2022; baseline 0.001 -22"><span class='ocrx_word' id='word_1_68' title='bbox 809 1938 1017 2002; x_wconf 82' lang='lat' dir='ltr'>laetus</span> <span class='ocrx_word' id='word_1_69' title='bbox 1065 1961 1286 2022; x_wconf 81' lang='lat' dir='ltr'>equum</span> <span class='ocrx_word' id='word_1_70' title='bbox 1331 1938 1556 2002; x_wconf 73' lang='lat' dir='ltr'>traduc</span> <span class='ocrx_word' id='word_1_71' title='bbox 1595 1941 1727 2022; x_wconf 85' lang='lat' dir='ltr'>jam</span> <span class='ocrx_word' id='word_1_72' title='bbox 1773 1938 1915 2003; x_wconf 88' lang='lat' dir='ltr'>Tibi</span> <span class='ocrx_word' id='word_1_73' title='bbox 1964 1958 2193 2004; x_wconf 87' lang='lat' dir='ltr'>censor</span> <span class='ocrx_word' id='word_1_74' title='bbox 2240 1940 2350 2003; x_wconf 78' lang='lat' dir='ltr'>ait.</span> 
     </span>
     <span class='ocr_line' id='line_1_16' title="bbox 637 2029 2231 2124; baseline 0.003 -21"><span class='ocrx_word' id='word_1_75' title='bbox 637 2040 950 2122; x_wconf 89' lang='lat' dir='ltr'>Natisque</span> <span class='ocrx_word' id='word_1_76' title='bbox 999 2048 1062 2106; x_wconf 94' lang='lat' dir='ltr'>et</span> <span class='ocrx_word' id='word_1_77' title='bbox 1110 2062 1350 2124; x_wconf 85' lang='lat' dir='ltr'>genero</span> <span class='ocrx_word' id='word_1_78' title='bbox 1398 2029 1552 2106; x_wconf 65' lang='lat' dir='ltr'>felii&lt;</span> <span class='ocrx_word' id='word_1_79' title='bbox 1597 2049 1949 2124; x_wconf 86' lang='lat' dir='ltr'>teneroque</span> <span class='ocrx_word' id='word_1_80' title='bbox 1998 2048 2231 2124; x_wconf 87' lang='lat' dir='ltr'>nepote</span> 
     </span>
     <span class='ocr_line' id='line_1_17' title="bbox 807 2145 2236 2226; baseline 0.002 -19"><span class='ocrx_word' id='word_1_81' title='bbox 807 2145 940 2226; x_wconf 83' lang='lat' dir='ltr'>regi</span> <span class='ocrx_word' id='word_1_82' title='bbox 988 2163 1107 2226; x_wconf 86' lang='lat' dir='ltr'>par</span> <span class='ocrx_word' id='word_1_83' title='bbox 1153 2165 1321 2209; x_wconf 85' lang='lat' dir='ltr'>nova</span> <span class='ocrx_word' id='word_1_84' title='bbox 1367 2165 1533 2209; x_wconf 87' lang='lat' dir='ltr'>nunc</span> <span class='ocrx_word' id='word_1_85' title='bbox 1582 2164 1741 2210; x_wconf 87' lang='lat' dir='ltr'>aeva</span> <span class='ocrx_word' id='word_1_86' title='bbox 1785 2145 2011 2208; x_wconf 85' lang='lat' dir='ltr'>beatus</span> <span class='ocrx_word' id='word_1_87' title='bbox 2060 2164 2236 2226; x_wconf 83' lang='lat' dir='ltr'>agas.</span> 
     </span>
     <span class='ocr_line' id='line_1_18' title="bbox 636 2245 2220 2334; baseline 0.002 -26"><span class='ocrx_word' id='word_1_88' title='bbox 636 2245 942 2332; x_wconf 79' lang='lat' dir='ltr'>Tempora</span> <span class='ocrx_word' id='word_1_89' title='bbox 987 2271 1142 2334; x_wconf 63' lang='lat' dir='ltr'>agas</span> <span class='ocrx_word' id='word_1_90' title='bbox 1186 2271 1380 2311; x_wconf 76' lang='lat' dir='ltr'>sanus</span> <span class='ocrx_word' id='word_1_91' title='bbox 1426 2260 1688 2310; x_wconf 78' lang='lat' dir='ltr'>ventura</span> <span class='ocrx_word' id='word_1_92' title='bbox 1731 2249 1929 2311; x_wconf 77' lang='lat' dir='ltr'>salute</span> <span class='ocrx_word' id='word_1_93' title='bbox 1977 2262 2220 2334; x_wconf 77' lang='lat' dir='ltr'>recepta</span> 
     </span>
     <span class='ocr_line' id='line_1_19' title="bbox 806 2352 2279 2435; baseline 0.001 -19"><span class='ocrx_word' id='word_1_94' title='bbox 806 2357 871 2416; x_wconf 91' lang='lat' dir='ltr'>et</span> <span class='ocrx_word' id='word_1_95' title='bbox 917 2352 1160 2416; x_wconf 84' lang='lat' dir='ltr'>socium</span> <span class='ocrx_word' id='word_1_96' title='bbox 1209 2358 1510 2416; x_wconf 84' lang='lat' dir='ltr'>resonant</span> <span class='ocrx_word' id='word_1_97' title='bbox 1555 2358 1834 2435; x_wconf 86' lang='lat' dir='ltr'>votaque</span> <span class='ocrx_word' id='word_1_98' title='bbox 1881 2354 2279 2435; x_wconf 84' lang='lat' dir='ltr'>discipulum.</span> 
     </span>
     <span class='ocr_line' id='line_1_20' title="bbox 632 2453 2679 2537; baseline 0.002 -22"><span class='ocrx_word' id='word_1_99' title='bbox 632 2453 769 2516; x_wconf 86' lang='lat' dir='ltr'>Hoc</span> <span class='ocrx_word' id='word_1_100' title='bbox 812 2454 972 2518; x_wconf 77' lang='lat' dir='ltr'><em>mihi</em></span> <span class='ocrx_word' id='word_1_101' title='bbox 1009 2455 1193 2537; x_wconf 76' lang='lat' dir='ltr'>deest,</span> <span class='ocrx_word' id='word_1_102' title='bbox 1241 2456 1474 2535; x_wconf 87' lang='lat' dir='ltr'>inquis,</span> <span class='ocrx_word' id='word_1_103' title='bbox 1519 2456 1745 2533; x_wconf 74' lang='lat' dir='ltr'>fateor.</span> <span class='ocrx_word' id='word_1_104' title='bbox 1818 2456 1997 2534; x_wconf 84' lang='lat' dir='ltr'>Quod</span> <span class='ocrx_word' id='word_1_105' title='bbox 2046 2457 2231 2521; x_wconf 85' lang='lat' dir='ltr'>deest</span> <span class='ocrx_word' id='word_1_106' title='bbox 2274 2456 2419 2521; x_wconf 91' lang='lat' dir='ltr'>Tibi</span> <span class='ocrx_word' id='word_1_107' title='bbox 2454 2459 2679 2536; x_wconf 84' lang='lat' dir='ltr'>solum,</span> 
     </span>
    </p>
   </div>
   <div class='ocr_carea' id='block_1_6' title="bbox 632 2558 2701 2715">
    <p class='ocr_par' dir='ltr' id='par_1_6' title="bbox 632 2558 2701 2715">
     <span class='ocr_line' id='line_1_21' title="bbox 803 2558 2489 2641; baseline 0.001 -19"><span class='ocrx_word' id='word_1_108' title='bbox 803 2576 1118 2639; x_wconf 86' lang='lat' dir='ltr'>praesens</span> <span class='ocrx_word' id='word_1_109' title='bbox 1162 2558 1281 2623; x_wconf 87' lang='lat' dir='ltr'>hoc</span> <span class='ocrx_word' id='word_1_110' title='bbox 1328 2577 1561 2627; x_wconf 84' lang='lat' dir='ltr'>numen</span> <span class='ocrx_word' id='word_1_111' title='bbox 1613 2559 1848 2640; x_wconf 84' lang='lat' dir='ltr'>detque</span> <span class='ocrx_word' id='word_1_112' title='bbox 1896 2558 2220 2641; x_wconf 79' lang='lat' dir='ltr'>dabitque.</span> <span class='ocrx_word' id='word_1_113' title='bbox 2316 2560 2489 2625; x_wconf 86' lang='lat' dir='ltr'>Vale.</span> 
     </span>
     <span class='ocr_line' id='line_1_22' title="bbox 632 2658 2701 2715; baseline 0.001 -4"><span class='ocrx_word' id='word_1_114' title='bbox 632 2658 933 2715; x_wconf 76' lang='lat' dir='ltr'>Set-vestae.</span> <span class='ocrx_word' id='word_1_115' title='bbox 2307 2664 2432 2715; x_wconf 76' lang='lat'>1871</span> <span class='ocrx_word' id='word_1_116' title='bbox 2476 2680 2545 2714; x_wconf 90' lang='lat' dir='ltr'>m.</span> <span class='ocrx_word' id='word_1_117' title='bbox 2584 2661 2701 2714; x_wconf 87' lang='lat' dir='ltr'>Oct.</span> 
     </span>
    </p>
   </div>
   <div class='ocr_carea' id='block_1_7' title="bbox 1463 2770 1876 2777">
    <p class='ocr_par' dir='ltr' id='par_1_7' title="bbox 1463 2770 1876 2777">
     <span class='ocr_line' id='line_1_23' title="bbox 1463 2770 1876 2777; baseline 0 1923"><span class='ocrx_word' id='word_1_118' title='bbox 1463 2770 1876 2777; x_wconf 95' lang='lat' dir='ltr'> </span> 
     </span>
    </p>
   </div>
   <div class='ocr_carea' id='block_1_8' title="bbox 979 2911 2353 3137">
    <p class='ocr_par' dir='ltr' id='par_1_8' title="bbox 979 2911 2353 3137">
     <span class='ocr_line' id='line_1_24' title="bbox 1567 2911 1765 2976; baseline 0 -1"><span class='ocrx_word' id='word_1_119' title='bbox 1567 2911 1765 2976; x_wconf 80' lang='lat' dir='ltr'>xvn.</span> 
     </span>
     <span class='ocr_line' id='line_1_25' title="bbox 979 3033 2353 3137; baseline 0.001 -21"><span class='ocrx_word' id='word_1_120' title='bbox 979 3033 1370 3137; x_wconf 85' lang='lat' dir='ltr'>Collegae</span> <span class='ocrx_word' id='word_1_121' title='bbox 1422 3034 1511 3115; x_wconf 87' lang='lat' dir='ltr'>in</span> <span class='ocrx_word' id='word_1_122' title='bbox 1566 3034 1835 3116; x_wconf 90' lang='lat' dir='ltr'>otium</span> <span class='ocrx_word' id='word_1_123' title='bbox 1891 3036 2353 3117; x_wconf 83' lang='lat' dir='ltr'>recedenti.</span> 
     </span>
    </p>
   </div>
   <div class='ocr_carea' id='block_1_9' title="bbox 1208 3168 2119 3223">
    <p class='ocr_par' dir='ltr' id='par_1_9' title="bbox 1208 3168 2119 3223">
     <span class='ocr_line' id='line_1_26' title="bbox 1208 3168 2119 3223; baseline 0.001 -1"><span class='ocrx_word' id='word_1_124' title='bbox 1208 3168 1295 3222; x_wconf 85' lang='lat' dir='ltr'>Ad</span> <span class='ocrx_word' id='word_1_125' title='bbox 1333 3168 1473 3221; x_wconf 84' lang='lat' dir='ltr'>Guil.</span> <span class='ocrx_word' id='word_1_126' title='bbox 1512 3169 1757 3221; x_wconf 83' lang='lat' dir='ltr'>Cortium</span> <span class='ocrx_word' id='word_1_127' title='bbox 1795 3186 1918 3221; x_wconf 87' lang='lat' dir='ltr'>cum</span> <span class='ocrx_word' id='word_1_128' title='bbox 1956 3169 2119 3223; x_wconf 79' lang='lat' dir='ltr'>dono·</span> 
     </span>
    </p>
   </div>
   <div class='ocr_carea' id='block_1_10' title="bbox 629 3289 2443 3890">
    <p class='ocr_par' dir='ltr' id='par_1_10' title="bbox 629 3289 2443 3890">
     <span class='ocr_line' id='line_1_27' title="bbox 631 3289 2275 3377; baseline 0.001 -24"><span class='ocrx_word' id='word_1_129' title='bbox 631 3289 804 3354; x_wconf 79' lang='lat' dir='ltr'>Mille</span> <span class='ocrx_word' id='word_1_130' title='bbox 849 3303 1032 3354; x_wconf 74' lang='lat' dir='ltr'>tumet</span> <span class='ocrx_word' id='word_1_131' title='bbox 1077 3292 1228 3355; x_wconf 73' lang='lat' dir='ltr'>velis</span> <span class='ocrx_word' id='word_1_132' title='bbox 1264 3290 1530 3375; x_wconf 52' lang='lat' dir='ltr'>juvente,</span> <span class='ocrx_word' id='word_1_133' title='bbox 1581 3290 1725 3353; x_wconf 81' lang='lat' dir='ltr'>dum</span> <span class='ocrx_word' id='word_1_134' title='bbox 1774 3293 2001 3377; x_wconf 72' lang='lat' dir='ltr'>coyitat</span> <span class='ocrx_word' id='word_1_135' title='bbox 2049 3293 2275 3373; x_wconf 73' lang='lat' dir='ltr'>alcum,-</span> 
     </span>
     <span class='ocr_line' id='line_1_28' title="bbox 800 3393 2230 3479; baseline 0.001 -22"><span class='ocrx_word' id='word_1_136' title='bbox 800 3406 864 3457; x_wconf 72' lang='grc' dir='ltr'>αι</span> <span class='ocrx_word' id='word_1_137' title='bbox 906 3393 1068 3458; x_wconf 76' lang='lat' dir='ltr'>redit</span> <span class='ocrx_word' id='word_1_138' title='bbox 1113 3396 1180 3457; x_wconf 79' lang='lat' dir='ltr'>in</span> <span class='ocrx_word' id='word_1_139' title='bbox 1216 3408 1466 3479; x_wconf 73' lang='lat' dir='ltr'>portum</span> <span class='ocrx_word' id='word_1_140' title='bbox 1513 3396 1744 3479; x_wconf 71' lang='lat' dir='ltr'>sospite</span> <span class='ocrx_word' id='word_1_141' title='bbox 1795 3396 1978 3457; x_wconf 75' lang='lat' dir='ltr'>lintre</span> <span class='ocrx_word' id='word_1_142' title='bbox 2024 3418 2230 3459; x_wconf 73' lang='lat' dir='ltr'>senem.</span> 
     </span>
     <span class='ocr_line' id='line_1_29' title="bbox 629 3495 2197 3579; baseline 0.003 -21"><span class='ocrx_word' id='word_1_143' title='bbox 629 3495 769 3560; x_wconf 90' lang='lat' dir='ltr'>Non</span> <span class='ocrx_word' id='word_1_144' title='bbox 819 3498 978 3562; x_wconf 85' lang='lat' dir='ltr'>haec</span> <span class='ocrx_word' id='word_1_145' title='bbox 1026 3497 1344 3562; x_wconf 83' lang='lat' dir='ltr'>immerito</span> <span class='ocrx_word' id='word_1_146' title='bbox 1395 3498 1635 3563; x_wconf 86' lang='lat' dir='ltr'>dixisse</span> <span class='ocrx_word' id='word_1_147' title='bbox 1682 3502 1873 3579; x_wconf 70' lang='lat' dir='ltr'>poeta</span> <span class='ocrx_word' id='word_1_148' title='bbox 1921 3498 2197 3578; x_wconf 80' lang='lat' dir='ltr'>videtur,</span> 
     </span>
     <span class='ocr_line' id='line_1_30' title="bbox 800 3601 2443 3684; baseline -0.002 -19"><span class='ocrx_word' id='word_1_149' title='bbox 800 3620 991 3683; x_wconf 89' lang='lat' dir='ltr'>quem</span> <span class='ocrx_word' id='word_1_150' title='bbox 1040 3601 1356 3684; x_wconf 89' lang='lat' dir='ltr'>Suevique</span> <span class='ocrx_word' id='word_1_151' title='bbox 1405 3620 1591 3665; x_wconf 89' lang='lat' dir='ltr'>suum</span> <span class='ocrx_word' id='word_1_152' title='bbox 1637 3602 2163 3684; x_wconf 85' lang='lat' dir='ltr'>Toutonidaequc</span> <span class='ocrx_word' id='word_1_153' title='bbox 2210 3604 2443 3668; x_wconf 89' lang='lat' dir='ltr'>colunt.</span> 
     </span>
     <span class='ocr_line' id='line_1_31' title="bbox 631 3704 2414 3790; baseline -0.001 -22"><span class='ocrx_word' id='word_1_154' title='bbox 631 3704 800 3781; x_wconf 77' lang='lat' dir='ltr'>Quae</span> <span class='ocrx_word' id='word_1_155' title='bbox 832 3728 1000 3789; x_wconf 77' lang='lat' dir='ltr'>puer</span> <span class='ocrx_word' id='word_1_156' title='bbox 1045 3705 1321 3790; x_wconf 66' lang='lat' dir='ltr'>optabaS,</span> <span class='ocrx_word' id='word_1_157' title='bbox 1369 3728 1442 3767; x_wconf 84' lang='lat' dir='ltr'>ea</span> <span class='ocrx_word' id='word_1_158' title='bbox 1479 3706 1674 3789; x_wconf 76' lang='lat' dir='ltr'>plura</span> <span class='ocrx_word' id='word_1_159' title='bbox 1718 3728 1995 3768; x_wconf 69' lang='lat' dir='ltr'>annosus</span> <span class='ocrx_word' id='word_1_160' title='bbox 2039 3705 2290 3769; x_wconf 67' lang='lat' dir='ltr'>habebis</span> <span class='ocrx_word' id='word_1_161' title='bbox 2352 3743 2414 3753; x_wconf 92' lang='lat'>—--</span> 
     </span>
     <span class='ocr_line' id='line_1_32' title="bbox 797 3808 2037 3890; baseline 0 -19"><span class='ocrx_word' id='word_1_162' title='bbox 797 3808 1005 3873; x_wconf 87' lang='lat' dir='ltr'>fertur</span> <span class='ocrx_word' id='word_1_163' title='bbox 1052 3808 1413 3874; x_wconf 86' lang='lat' dir='ltr'>Goetheum</span> <span class='ocrx_word' id='word_1_164' title='bbox 1462 3809 1672 3871; x_wconf 87' lang='lat' dir='ltr'>nobile</span> <span class='ocrx_word' id='word_1_165' title='bbox 1711 3809 2037 3890; x_wconf 81' lang='lat' dir='ltr'>judicium.</span> 
     </span>
    </p>
   </div>
   <div class='ocr_carea' id='block_1_11' title="bbox 1005 3931 2868 4161">
    <p class='ocr_par' dir='ltr' id='par_1_11' title="bbox 1005 3931 2868 4161">
     <span class='ocr_line' id='line_1_33' title="bbox 1005 3931 2868 4161; baseline 0 539"><span class='ocrx_word' id='word_1_166' title='bbox 1005 3931 2868 4161; x_wconf 95' lang='lat' dir='ltr'> </span> 
     </span>
    </p>
   </div>
  </div>
 </body>
</html>
