<?xml version="1.0" encoding="UTF-8"?>
<!DOCTYPE html PUBLIC "-//W3C//DTD XHTML 1.0 Transitional//EN"
    "http://www.w3.org/TR/xhtml1/DTD/xhtml1-transitional.dtd">
<html xmlns="http://www.w3.org/1999/xhtml" xml:lang="en" lang="en">
 <head>
  <title>
</title>
<meta http-equiv="Content-Type" content="text/html;charset=utf-8" />
  <meta name='ocr-system' content='tesseract 3.04.00' />
  <meta name='ocr-capabilities' content='ocr_page ocr_carea ocr_par ocr_line ocrx_word'/>
</head>
<body>
  <div class='ocr_page' id='page_1' title='image "./seriamixtajocis00unkngoog_0054.png"; bbox 0 0 3125 4700; ppageno 0'>
   <div class='ocr_carea' id='block_1_1' title="bbox 465 3674 1276 4083">
    <p class='ocr_par' dir='ltr' id='par_1_1' title="bbox 465 3674 1276 4083">
     <span class='ocr_line' id='line_1_1' title="bbox 465 3674 1276 4083; baseline 0 617"><span class='ocrx_word' id='word_1_1' title='bbox 465 3674 1276 4083; x_wconf 95' lang='lat' dir='ltr'> </span> 
     </span>
    </p>
   </div>
   <div class='ocr_carea' id='block_1_2' title="bbox 617 519 2857 708">
    <p class='ocr_par' dir='ltr' id='par_1_2' title="bbox 617 519 2857 708">
     <span class='ocr_line' id='line_1_2' title="bbox 617 519 2857 708; baseline 0.002 -38"><span class='ocrx_word' id='word_1_2' title='bbox 617 607 774 672; x_wconf 87' lang='lat' dir='ltr'>Tete</span> <span class='ocrx_word' id='word_1_3' title='bbox 813 608 1081 688; x_wconf 82' lang='lat' dir='ltr'>juvante</span> <span class='ocrx_word' id='word_1_4' title='bbox 1132 607 1356 672; x_wconf 88' lang='lat' dir='ltr'>ducem</span> <span class='ocrx_word' id='word_1_5' title='bbox 1399 610 1530 691; x_wconf 82' lang='lat' dir='ltr'>J‘am</span> <span class='ocrx_word' id='word_1_6' title='bbox 1578 607 1801 672; x_wconf 84' lang='lat' dir='ltr'>floruit</span> <span class='ocrx_word' id='word_1_7' title='bbox 1846 607 2037 685; x_wconf 88' lang='lat' dir='ltr'>urbs;</span> <span class='ocrx_word' id='word_1_8' title='bbox 2088 608 2247 673; x_wconf 89' lang='lat' dir='ltr'>duce</span> <span class='ocrx_word' id='word_1_9' title='bbox 2293 609 2381 672; x_wconf 86' lang='lat' dir='ltr'>Te</span> <span class='ocrx_word' id='word_1_10' title='bbox 2428 608 2570 708; x_wconf 74' lang='lat' dir='ltr'>ipso</span> <span class='ocrx_word' id='word_1_11' title='bbox 2848 519 2857 656; x_wconf 60' lang='lat' dir='ltr'>i</span> 
     </span>
    </p>
   </div>
   <div class='ocr_carea' id='block_1_3' title="bbox 615 709 2683 898">
    <p class='ocr_par' dir='ltr' id='par_1_3' title="bbox 615 709 2683 898">
     <span class='ocr_line' id='line_1_3' title="bbox 787 709 2437 792; baseline 0.001 -18"><span class='ocrx_word' id='word_1_12' title='bbox 787 717 1095 791; x_wconf 82' lang='lat' dir='ltr'>quantum</span> <span class='ocrx_word' id='word_1_13' title='bbox 1147 709 1539 776; x_wconf 84' lang='lat' dir='ltr'>efflorescet!</span> <span class='ocrx_word' id='word_1_14' title='bbox 1632 712 1893 776; x_wconf 79' lang='lat' dir='ltr'>Floreat</span> <span class='ocrx_word' id='word_1_15' title='bbox 1938 729 2166 792; x_wconf 81' lang='lat' dir='ltr'>usquc.</span> <span class='ocrx_word' id='word_1_16' title='bbox 2261 712 2437 776; x_wconf 78' lang='lat' dir='ltr'>Vale.</span> 
     </span>
     <span class='ocr_line' id='line_1_4' title="bbox 615 829 2683 898; baseline 0 -16"><span class='ocrx_word' id='word_1_17' title='bbox 615 829 916 882; x_wconf 80' lang='lat' dir='ltr'>Servestae.</span> <span class='ocrx_word' id='word_1_18' title='bbox 1838 831 1972 884; x_wconf 83' lang='lat'>1880</span> <span class='ocrx_word' id='word_1_19' title='bbox 2008 849 2051 884; x_wconf 79' lang='lat' dir='ltr'>a.</span> <span class='ocrx_word' id='word_1_20' title='bbox 2092 831 2145 884; x_wconf 86' lang='lat' dir='ltr'>d.</span> <span class='ocrx_word' id='word_1_21' title='bbox 2184 831 2301 883; x_wconf 84' lang='lat' dir='ltr'>VII.</span> <span class='ocrx_word' id='word_1_22' title='bbox 2340 831 2457 884; x_wconf 75' lang='lat' dir='ltr'>Kal.</span> <span class='ocrx_word' id='word_1_23' title='bbox 2498 832 2683 898; x_wconf 74' lang='lat' dir='ltr'>Quint.</span> 
     </span>
    </p>
   </div>
   <div class='ocr_carea' id='block_1_4' title="bbox 839 1189 2453 1415">
    <p class='ocr_par' dir='ltr' id='par_1_4' title="bbox 839 1189 2453 1415">
     <span class='ocr_line' id='line_1_5' title="bbox 1553 1189 1749 1254; baseline 0 0"><span class='ocrx_word' id='word_1_24' title='bbox 1553 1189 1749 1254; x_wconf 91' lang='lat' dir='ltr'><strong>xxx.</strong></span> 
     </span>
     <span class='ocr_line' id='line_1_6' title="bbox 839 1313 2453 1415; baseline 0 -21"><span class='ocrx_word' id='word_1_25' title='bbox 839 1313 1198 1395; x_wconf 84' lang='lat' dir='ltr'>Alberto</span> <span class='ocrx_word' id='word_1_26' title='bbox 1252 1313 1682 1395; x_wconf 83' lang='lat' dir='ltr'>Bormann</span> <span class='ocrx_word' id='word_1_27' title='bbox 1735 1313 2453 1415; x_wconf 73' lang='lat' dir='ltr'>magdeburgensi</span> 
     </span>
    </p>
   </div>
   <div class='ocr_carea' id='block_1_5' title="bbox 1355 1447 1951 1502">
    <p class='ocr_par' dir='ltr' id='par_1_5' title="bbox 1355 1447 1951 1502">
     <span class='ocr_line' id='line_1_7' title="bbox 1355 1447 1951 1502; baseline 0.003 -2"><span class='ocrx_word' id='word_1_28' title='bbox 1355 1448 1595 1501; x_wconf 82' lang='lat' dir='ltr'>natalem</span> <span class='ocrx_word' id='word_1_29' title='bbox 1632 1447 1951 1502; x_wconf 76' lang='lat' dir='ltr'>celebranti.</span> 
     </span>
    </p>
   </div>
   <div class='ocr_carea' id='block_1_6' title="bbox 585 1586 2686 2482">
    <p class='ocr_par' dir='ltr' id='par_1_6' title="bbox 585 1586 2686 2482">
     <span class='ocr_line' id='line_1_8' title="bbox 617 1586 2394 1668; baseline 0 -16"><span class='ocrx_word' id='word_1_30' title='bbox 617 1588 870 1652; x_wconf 86' lang='lat' dir='ltr'>Haecce</span> <span class='ocrx_word' id='word_1_31' title='bbox 917 1586 1058 1651; x_wconf 86' lang='lat' dir='ltr'>dics</span> <span class='ocrx_word' id='word_1_32' title='bbox 1105 1587 1278 1651; x_wconf 89' lang='lat' dir='ltr'>Italis</span> <span class='ocrx_word' id='word_1_33' title='bbox 1324 1591 1538 1652; x_wconf 88' lang='lat' dir='ltr'>vatem</span> <span class='ocrx_word' id='word_1_34' title='bbox 1585 1586 1763 1652; x_wconf 84' lang='lat' dir='ltr'>dedit</span> <span class='ocrx_word' id='word_1_35' title='bbox 1808 1586 2029 1652; x_wconf 90' lang='lat' dir='ltr'>inclita</span> <span class='ocrx_word' id='word_1_36' title='bbox 2074 1587 2394 1668; x_wconf 85' lang='lat' dir='ltr'>Flaccum,</span> 
     </span>
     <span class='ocr_line' id='line_1_9' title="bbox 788 1689 2331 1772; baseline 0.001 -18"><span class='ocrx_word' id='word_1_37' title='bbox 788 1697 982 1772; x_wconf 85' lang='lat' dir='ltr'>atquc</span> <span class='ocrx_word' id='word_1_38' title='bbox 1031 1690 1256 1754; x_wconf 85' lang='lat' dir='ltr'>cadem</span> <span class='ocrx_word' id='word_1_39' title='bbox 1305 1689 1490 1754; x_wconf 87' lang='lat' dir='ltr'>nobis</span> <span class='ocrx_word' id='word_1_40' title='bbox 1535 1689 1625 1754; x_wconf 85' lang='lat' dir='ltr'>Te</span> <span class='ocrx_word' id='word_1_41' title='bbox 1670 1691 1849 1754; x_wconf 84' lang='lat' dir='ltr'>dedit</span> <span class='ocrx_word' id='word_1_42' title='bbox 1895 1689 2129 1756; x_wconf 84' lang='lat' dir='ltr'>haecce</span> <span class='ocrx_word' id='word_1_43' title='bbox 2176 1691 2331 1756; x_wconf 80' lang='lat' dir='ltr'>dies,</span> 
     </span>
     <span class='ocr_line' id='line_1_10' title="bbox 618 1792 2400 1860; baseline 0.001 -2"><span class='ocrx_word' id='word_1_44' title='bbox 618 1794 985 1858; x_wconf 83' lang='lat' dir='ltr'>Carminum</span> <span class='ocrx_word' id='word_1_45' title='bbox 1035 1811 1259 1857; x_wconf 84' lang='lat' dir='ltr'>amans</span> <span class='ocrx_word' id='word_1_46' title='bbox 1307 1799 1598 1857; x_wconf 85' lang='lat' dir='ltr'>veterum</span> <span class='ocrx_word' id='word_1_47' title='bbox 1642 1792 1785 1856; x_wconf 88' lang='lat' dir='ltr'>Tibi</span> <span class='ocrx_word' id='word_1_48' title='bbox 1832 1792 2209 1859; x_wconf 84' lang='lat' dir='ltr'>felicissima</span> <span class='ocrx_word' id='word_1_49' title='bbox 2254 1801 2400 1860; x_wconf 82' lang='lat' dir='ltr'>vota</span> 
     </span>
     <span class='ocr_line' id='line_1_11' title="bbox 585 1895 2265 1979; baseline 0.002 -21"><span class='ocrx_word' id='word_1_50' title='bbox 585 1897 588 1902; x_wconf 83' lang='grc'><strong>’</strong></span> <span class='ocrx_word' id='word_1_51' title='bbox 790 1914 1112 1977; x_wconf 85' lang='lat' dir='ltr'>nuncupo:</span> <span class='ocrx_word' id='word_1_52' title='bbox 1163 1915 1325 1978; x_wconf 88' lang='lat' dir='ltr'>quae</span> <span class='ocrx_word' id='word_1_53' title='bbox 1373 1895 1603 1978; x_wconf 85' lang='lat' dir='ltr'>scripsi</span> <span class='ocrx_word' id='word_1_54' title='bbox 1650 1897 1917 1961; x_wconf 88' lang='lat' dir='ltr'>comiter</span> <span class='ocrx_word' id='word_1_55' title='bbox 1966 1897 2265 1979; x_wconf 80' lang='lat' dir='ltr'>accipias,</span> 
     </span>
     <span class='ocr_line' id='line_1_12' title="bbox 617 1998 2331 2081; baseline 0.002 -19"><span class='ocrx_word' id='word_1_56' title='bbox 617 1999 742 2063; x_wconf 87' lang='lat' dir='ltr'>Per</span> <span class='ocrx_word' id='word_1_57' title='bbox 785 1998 1007 2080; x_wconf 86' lang='lat' dir='ltr'>plures</span> <span class='ocrx_word' id='word_1_58' title='bbox 1055 1999 1193 2063; x_wconf 91' lang='lat' dir='ltr'>Tibi</span> <span class='ocrx_word' id='word_1_59' title='bbox 1241 1999 1450 2064; x_wconf 88' lang='lat' dir='ltr'>adhuc</span> <span class='ocrx_word' id='word_1_60' title='bbox 1495 2019 1697 2064; x_wconf 89' lang='lat' dir='ltr'>annos</span> <span class='ocrx_word' id='word_1_61' title='bbox 1744 1999 1806 2064; x_wconf 92' lang='lat' dir='ltr'>in</span> <span class='ocrx_word' id='word_1_62' title='bbox 1856 2019 2126 2081; x_wconf 84' lang='lat' dir='ltr'>corpore</span> <span class='ocrx_word' id='word_1_63' title='bbox 2175 2021 2331 2066; x_wconf 84' lang='lat' dir='ltr'>sano</span> 
     </span>
     <span class='ocr_line' id='line_1_13' title="bbox 788 2102 2359 2186; baseline 0.001 -21"><span class='ocrx_word' id='word_1_64' title='bbox 788 2121 967 2167; x_wconf 87' lang='lat' dir='ltr'>mens</span> <span class='ocrx_word' id='word_1_65' title='bbox 1015 2102 1251 2168; x_wconf 88' lang='lat' dir='ltr'>alacris</span> <span class='ocrx_word' id='word_1_66' title='bbox 1300 2109 1580 2181; x_wconf 86' lang='lat' dir='ltr'>maneat,</span> <span class='ocrx_word' id='word_1_67' title='bbox 1626 2105 2105 2186; x_wconf 83' lang='lat' dir='ltr'>prospiciatquc</span> <span class='ocrx_word' id='word_1_68' title='bbox 2154 2105 2359 2184; x_wconf 79' lang='lat' dir='ltr'>domo,</span> 
     </span>
     <span class='ocr_line' id='line_1_14' title="bbox 615 2205 2364 2287; baseline 0.001 -19"><span class='ocrx_word' id='word_1_69' title='bbox 615 2205 1106 2287; x_wconf 86' lang='lat' dir='ltr'>prospiciasque</span> <span class='ocrx_word' id='word_1_70' title='bbox 1153 2205 1409 2270; x_wconf 88' lang='lat' dir='ltr'>scholae</span> <span class='ocrx_word' id='word_1_71' title='bbox 1459 2213 1680 2270; x_wconf 86' lang='lat' dir='ltr'>sancto</span> <span class='ocrx_word' id='word_1_72' title='bbox 1728 2206 1807 2270; x_wconf 88' lang='lat' dir='ltr'>dc</span> <span class='ocrx_word' id='word_1_73' title='bbox 1857 2208 2106 2272; x_wconf 85' lang='lat' dir='ltr'>nomine</span> <span class='ocrx_word' id='word_1_74' title='bbox 2154 2207 2364 2271; x_wconf 84' lang='lat' dir='ltr'>dictae</span> 
     </span>
     <span class='ocr_line' id='line_1_15' title="bbox 790 2307 2378 2391; baseline 0 -18"><span class='ocrx_word' id='word_1_75' title='bbox 790 2307 1079 2391; x_wconf 86' lang='lat' dir='ltr'>virginiS,</span> <span class='ocrx_word' id='word_1_76' title='bbox 1129 2313 1195 2375; x_wconf 88' lang='lat' dir='ltr'>et</span> <span class='ocrx_word' id='word_1_77' title='bbox 1239 2307 1522 2388; x_wconf 79' lang='lat' dir='ltr'>templis,</span> <span class='ocrx_word' id='word_1_78' title='bbox 1570 2309 1959 2391; x_wconf 82' lang='lat' dir='ltr'>praeposite,</span> <span class='ocrx_word' id='word_1_79' title='bbox 2008 2309 2378 2375; x_wconf 84' lang='lat' dir='ltr'>innumeris.</span> 
     </span>
     <span class='ocr_line' id='line_1_16' title="bbox 619 2429 2686 2482; baseline 0 0"><span class='ocrx_word' id='word_1_80' title='bbox 619 2429 915 2482; x_wconf 81' lang='lat' dir='ltr'>Servestae.</span> <span class='ocrx_word' id='word_1_81' title='bbox 1964 2431 2083 2481; x_wconf 77' lang='lat'>1881</span> <span class='ocrx_word' id='word_1_82' title='bbox 2130 2448 2160 2481; x_wconf 84' lang='lat' dir='ltr'>a</span> <span class='ocrx_word' id='word_1_83' title='bbox 2214 2430 2264 2481; x_wconf 82' lang='lat' dir='ltr'>d.</span> <span class='ocrx_word' id='word_1_84' title='bbox 2305 2430 2394 2481; x_wconf 87' lang='lat' dir='ltr'>Vl.</span> <span class='ocrx_word' id='word_1_85' title='bbox 2436 2430 2514 2481; x_wconf 84' lang='lat' dir='ltr'>ld.</span> <span class='ocrx_word' id='word_1_86' title='bbox 2557 2430 2686 2482; x_wconf 83' lang='lat' dir='ltr'>Dec.</span> 
     </span>
    </p>
   </div>
   <div class='ocr_carea' id='block_1_7' title="bbox 1547 2774 1772 2837">
    <p class='ocr_par' dir='ltr' id='par_1_7' title="bbox 1547 2774 1772 2837">
     <span class='ocr_line' id='line_1_17' title="bbox 1547 2774 1772 2837; baseline -0.004 0"><span class='ocrx_word' id='word_1_87' title='bbox 1547 2774 1772 2837; x_wconf 88' lang='lat' dir='ltr'>XXXI.</span> 
     </span>
    </p>
   </div>
   <div class='ocr_carea' id='block_1_8' title="bbox 759 2894 2549 3100">
    <p class='ocr_par' dir='ltr' id='par_1_8' title="bbox 759 2894 2549 3100">
     <span class='ocr_line' id='line_1_18' title="bbox 759 2894 2549 2998; baseline 0 -22"><span class='ocrx_word' id='word_1_88' title='bbox 759 2896 1031 2998; x_wconf 84' lang='lat' dir='ltr'>Super</span> <span class='ocrx_word' id='word_1_89' title='bbox 1087 2900 1432 2998; x_wconf 83' lang='lat' dir='ltr'>portam</span> <span class='ocrx_word' id='word_1_90' title='bbox 1489 2896 1977 2977; x_wconf 84' lang='lat' dir='ltr'>Franciscei</span> <span class='ocrx_word' id='word_1_91' title='bbox 2033 2894 2549 2979; x_wconf 84' lang='lat' dir='ltr'>Servestani.</span> 
     </span>
     <span class='ocr_line' id='line_1_19' title="bbox 1466 3046 1842 3100; baseline 0.008 -3"><span class='ocrx_word' id='word_1_92' title='bbox 1466 3046 1617 3099; x_wconf 80' lang='lat'>1582.</span> <span class='ocrx_word' id='word_1_93' title='bbox 1692 3049 1842 3100; x_wconf 87' lang='grc'><strong>1803.</strong></span> 
     </span>
    </p>
   </div>
   <div class='ocr_carea' id='block_1_9' title="bbox 621 3167 2480 3558">
    <p class='ocr_par' dir='ltr' id='par_1_9' title="bbox 621 3167 2480 3558">
     <span class='ocr_line' id='line_1_20' title="bbox 632 3167 2480 3249; baseline -0.001 -17"><span class='ocrx_word' id='word_1_94' title='bbox 632 3168 811 3246; x_wconf 85' lang='lat' dir='ltr'>Quae</span> <span class='ocrx_word' id='word_1_95' title='bbox 858 3168 1078 3233; x_wconf 89' lang='lat' dir='ltr'>schola</span> <span class='ocrx_word' id='word_1_96' title='bbox 1121 3167 1440 3232; x_wconf 81' lang='lat' dir='ltr'>Ioachimo</span> <span class='ocrx_word' id='word_1_97' title='bbox 1492 3168 1771 3233; x_wconf 80' lang='lat' dir='ltr'>Ernesto</span> <span class='ocrx_word' id='word_1_98' title='bbox 1820 3167 2079 3233; x_wconf 87' lang='lat' dir='ltr'>condita</span> <span class='ocrx_word' id='word_1_99' title='bbox 2123 3169 2480 3249; x_wconf 87' lang='lat' dir='ltr'>primumst,</span> 
     </span>
     <span class='ocr_line' id='line_1_21' title="bbox 794 3272 2305 3353; baseline 0 -18"><span class='ocrx_word' id='word_1_100' title='bbox 794 3272 968 3335; x_wconf 87' lang='lat' dir='ltr'>illam</span> <span class='ocrx_word' id='word_1_101' title='bbox 1017 3272 1401 3335; x_wconf 81' lang='lat' dir='ltr'>Franciscus</span> <span class='ocrx_word' id='word_1_102' title='bbox 1449 3277 1599 3353; x_wconf 89' lang='lat' dir='ltr'>post</span> <span class='ocrx_word' id='word_1_103' title='bbox 1636 3272 1822 3353; x_wconf 85' lang='lat' dir='ltr'>jubet</span> <span class='ocrx_word' id='word_1_104' title='bbox 1868 3291 2012 3337; x_wconf 88' lang='lat' dir='ltr'>esse</span> <span class='ocrx_word' id='word_1_105' title='bbox 2061 3290 2305 3335; x_wconf 82' lang='lat' dir='ltr'>novam.</span> 
     </span>
     <span class='ocr_line' id='line_1_22' title="bbox 621 3375 2161 3456; baseline -0.001 -18"><span class='ocrx_word' id='word_1_106' title='bbox 621 3375 944 3456; x_wconf 81' lang='lat' dir='ltr'>Ingenuas</span> <span class='ocrx_word' id='word_1_107' title='bbox 991 3380 1166 3439; x_wconf 87' lang='lat' dir='ltr'>artes</span> <span class='ocrx_word' id='word_1_108' title='bbox 1213 3376 1396 3456; x_wconf 88' lang='lat' dir='ltr'>pueri</span> <span class='ocrx_word' id='word_1_109' title='bbox 1436 3376 1837 3456; x_wconf 87' lang='lat' dir='ltr'>juvenesque</span> <span class='ocrx_word' id='word_1_110' title='bbox 1885 3375 2161 3452; x_wconf 84' lang='lat' dir='ltr'>colunt0‚</span> 
     </span>
     <span class='ocr_line' id='line_1_23' title="bbox 794 3477 2304 3558; baseline -0.002 -18"><span class='ocrx_word' id='word_1_111' title='bbox 794 3484 864 3541; x_wconf 90' lang='lat' dir='ltr'>ut</span> <span class='ocrx_word' id='word_1_112' title='bbox 911 3478 1171 3543; x_wconf 78' lang='lat' dir='ltr'>Christo</span> <span class='ocrx_word' id='word_1_113' title='bbox 1219 3478 1441 3542; x_wconf 82' lang='lat' dir='ltr'>vivant</span> <span class='ocrx_word' id='word_1_114' title='bbox 1489 3483 1556 3542; x_wconf 90' lang='lat' dir='ltr'>et</span> <span class='ocrx_word' id='word_1_115' title='bbox 1603 3478 1857 3558; x_wconf 83' lang='lat' dir='ltr'>patriae</span> <span class='ocrx_word' id='word_1_116' title='bbox 1905 3484 2097 3557; x_wconf 85' lang='lat' dir='ltr'>atque</span> <span class='ocrx_word' id='word_1_117' title='bbox 2142 3477 2304 3541; x_wconf 81' lang='lat' dir='ltr'>(luci.</span> 
     </span>
    </p>
   </div>
   <div class='ocr_carea' id='block_1_10' title="bbox 621 3594 2689 3651">
    <p class='ocr_par' dir='ltr' id='par_1_10' title="bbox 621 3594 2689 3651">
     <span class='ocr_line' id='line_1_24' title="bbox 621 3594 2689 3651; baseline -0.002 -1"><span class='ocrx_word' id='word_1_118' title='bbox 621 3596 920 3651; x_wconf 85' lang='lat' dir='ltr'>Servestae.</span> <span class='ocrx_word' id='word_1_119' title='bbox 1570 3597 1714 3648; x_wconf 80' lang='lat'><strong>1882.</strong></span> <span class='ocrx_word' id='word_1_120' title='bbox 2136 3596 2231 3647; x_wconf 90' lang='lat'><em>111.</em></span> <span class='ocrx_word' id='word_1_121' title='bbox 2272 3595 2390 3648; x_wconf 66' lang='grc' dir='ltr'>Καὶ.</span> <span class='ocrx_word' id='word_1_122' title='bbox 2432 3594 2689 3648; x_wconf 86' lang='lat' dir='ltr'>Februar.</span> 
     </span>
    </p>
   </div>
   <div class='ocr_carea' id='block_1_11' title="bbox 1446 3756 1860 3763">
    <p class='ocr_par' dir='ltr' id='par_1_11' title="bbox 1446 3756 1860 3763">
     <span class='ocr_line' id='line_1_25' title="bbox 1446 3756 1860 3763; baseline 0 937"><span class='ocrx_word' id='word_1_123' title='bbox 1446 3756 1860 3763; x_wconf 95' lang='lat' dir='ltr'> </span> 
     </span>
    </p>
   </div>
  </div>
 </body>
</html>
