3125 4700
308 325 2692 658 ff——4—2-*1

745 730 1340 832 Vitebergensi
1393 731 1883 834 theologiae
1939 731 2275 815 doctori

478 850 1081 930 quinquagesimum
1147 849 1500 930 magisterii
1561 848 1908 913 academici
1964 869 2198 913 annum
2245 851 2542 932 explenti.

1164 967 1384 1033 (Karolo
1418 967 1573 1018 Imm.
1612 965 1873 1036 Nitzsch.)
2229 968 2233 972 ’

684 1089 1003 1154 Plurimos
1034 1127 1119 1135 —
1163 1088 1267 1153 hic
1318 1107 1538 1152 rumor
1586 1094 1727 1153 erat
1756 1125 1839 1136 ——
1886 1091 2128 1154 creavit

685 1193 856 1258 alma
903 1191 1180 1255 doctores
1224 1191 1495 1270 Basilea,
1543 1191 1762 1272 plures
2006 1203 2011 1210 ’

477 1297 710 1359 ceteris
759 1295 1004 1360 cunctis
1053 1295 1402 1376 Viteberga
1449 1295 1608 1375 legit
1656 1294 1843 1358 docta
1886 1294 2233 1380 mayz‘scros.

685 1451 818 1514 Nec
863 1457 1080 1514 tamen
1128 1454 1378 1513 tantum
1427 1468 1697 1513 numero
1742 1449 1955 1512 tulisti

684 1553 1008 1617 nominum
1055 1553 1318 1633 primaS,
1368 1553 1585 1633 patria
1629 1551 1824 1615 alma!
1876 1551 2129 1629 dudum,

477 1657 814 1737 LeucoriS,
853 1656 1064 1720 claros
1112 1654 1404 1718 homines
1454 1659 1517 1718 et
1562 1653 1711 1717 huic
1757 1673 1912 1718 aevo
1961 1656 2291 1736 peperisti.

683 1793 838 1856 Dico
888 1811 1051 1855 nunc
1101 1811 1295 1854 unum
1343 1791 1589 1855 meritis
1639 1797 1986 1872 potentem,

684 1896 802 1959 hoc
851 1895 953 1959 die
1002 1895 1110 1976 qui
1158 1895 1366 1958 lustra
1411 1895 1632 1958 decem
1676 1895 1871 1958 beata

471 2001 604 2082 jam
653 1999 1031 2063 recordatur
1068 1999 1336 2078 juvenes
1385 1997 1645 2061 docenti
1687 1996 2132 2077 praeteriisse,

687 2136 910 2199 doctus
959 2154 1035 2198 ex
1082 2153 1204 2215 quo
1250 2135 1500 2215 primus
1547 2134 1615 2196 in
1662 2134 1829 2198 arcis
1876 2135 2054 2211 aede,

685 2239 872 2302 anulo
921 2239 1164 2302 cinctus
1212 2237 1485 2318 digitum
1531 2237 1846 2318 magistri,

481 2341 766 2407 osculum
815 2341 894 2405 ad
943 2347 1290 2422 praecepta
1336 2341 1513 2422 pium
1561 2339 1787 2405 decani
1834 2359 1950 2405 ora
1998 2341 2299 2419 sacravit,

687 2480 856 2543 unde
905 2486 1005 2543 ter
1054 2480 1256 2542 sancti
1305 2478 1535 2542 flueret
1583 2478 1869 2543 Jehovae

688 2583 824 2647 laus
871 2582 952 2646 ad
1000 2583 1116 2645 has
1166 2582 1343 2645 Albis
1389 2580 1760 2645 resonantis
1808 2581 2032 2658 undaS‚

484 2686 745 2751 fiumina
793 2693 854 2750 et
899 2685 1108 2749 Rheni
1153 2684 1500 2748 viridantia
1547 2685 1659 2748 alti
1708 2683 2087 2765 Sprevaquc
2132 2685 2393 2765 templa.

685 2824 932 2887 Rursus
983 2842 1060 2886 en
1109 2822 1330 2885 urbem
1378 2821 1595 2900 rediit,
1647 2820 1831 2884 senili

679 2928 812 3007 jam
859 2946 1037 2991 coma
1083 2944 1280 2989 canus
1329 2931 1538 3006 caput,
1590 2944 1665 2988 ex
1710 2924 1995 2988 Luthero

481 3030 776 3108 nobilem,
825 3030 1077 3092 visurus
1126 3028 1207 3091 ad
1255 3028 1418 3093 hanc
1467 3029 1769 3109 sepulcra
1816 3047 1965 3092 cara
2010 3034 2369 3109 parentum.

690 3167 870 3230 Litus
919 3166 996 3229 ad
1047 3166 1330 3247 Sprevae
1377 3165 1783 3247 gelidumque
1829 3164 2035 3250 Rheni

689 3271 1052 3349 Albeaeque
1087 3288 1234 3333 oras
1281 3268 1476 3333 animi
1523 3274 1877 3348 precantur

483 3378 670 3453 grata
717 3373 1066 3436 multorum
1113 3371 1348 3436 celebri
1394 3372 1691 3457 mayz'scro
1738 3371 2230 3452 discipulorum

687 3509 740 3573 Ο
788 3510 923 3587 bea,
971 3515 1073 3573 ter
1119 3513 1358 3587 sancte,
1411 3514 1606 3589 caput
1650 3508 2001 3573 verendum

690 3612 781 3675 Tu
829 3612 970 3690 viri,
1022 3618 1216 3693 atque
1264 3612 1428 3676 artis
1475 3611 1697 3675 videat
1742 3630 2060 3692 perennes

484 3714 747 3779 sedulae
793 3715 1042 3780 fructus
1093 3721 1157 3779 et
1201 3715 1265 3778 in
1313 3715 1504 3781 hacce
1549 3719 1746 3793 terra,
1798 3722 2019 3779 cernat
2066 3721 2131 3778 et
2172 3713 2321 3778 illic.

587 3815 929 3885 Vitebergae.
1767 3874 1771 3879 ¹
2081 3817 2211 3868 1859
2255 3833 2325 3867 m.
2365 3814 2483 3868 Oct.

318 3974 1770 4089 l——-—-———-———————————
1776 4078 2701 4088 —————-———-————

1487 4115 1534 4150 21
